4586 5668
1067 319 1380 435 ..4..'

343 554 476 639 τράγου
493 552 537 618 ll.
555 591 591 600 -
608 575 639 617 r.
655 552 719 620 863
742 545 907 634 ἀδελφοῖν
931 545 994 616 ούκ
1017 550 1087 614 sine
1110 551 1372 634 interpunctione
1394 549 1439 615 M.
1474 551 1555 618 Post
1576 547 1741 637 ἀδελφοῖν
1763 555 1997 642 interpungunt

344 661 381 724 G.
405 659 471 724 Vit
499 659 599 724 schol.
623 649 684 722 rec.
727 653 815 722 άλλά
844 653 910 742 γὰρ
937 652 1058 740 ἥκουσι
1086 655 1142 720 καλ
1170 660 1324 742 ἔρχονται
1352 658 1425 724 αἵδε
1451 655 1508 722 καὶ
1535 647 1634 724 αὗται
1657 654 1678 742 ἡ
1701 656 1874 746 Ἀντιγόνη
1897 657 1996 746 καὶὴ

342 762 477 850 Ἰσμήνη
502 763 554 830 ecl
577 761 615 830 τὸ
639 760 760 846 πικρὸν
779 766 906 848 πρᾶγος
924 759 1090 848 ἀδελφοῖν
1108 761 1250 828 καὶτῶν
1274 758 1432 849 άδελφοίν
1451 759 1534 830 ὥστε
1554 767 1674 831 δοῦναι
1697 766 1837 844 ἐκείνοις
1854 770 1996 853 θρῆνον.

345 871 510 940 Scholium
530 871 598 936 cod.
612 869 654 936 M.
674 869 742 938 ‘dni
767 865 804 934 τὸ
828 871 975 954 πρᾶγμα,
998 865 1089 935 τοῦτ’
1111 872 1201 934 ἔστιν
1225 867 1277 935 ἐπὶ
1300 867 1363 954 τὴν
1386 868 1567 958 συμφοράν
1589 874 1627 937 al
1646 869 1791 957 άδελφιδ
1813 877 1881 940 τῶν
1903 877 1996 958 βασι-

345 978 447 1046 λέων’
476 979 627 1044 mutilum
656 966 710 1044 est
733 983 767 1042 et
794 977 1031 1042 detruncatum.
1076 975 1176 1041 Recte
1204 977 1270 1042 iam
1294 976 1456 1043 Stanleius
1484 979 1585 1044 verba
1612 981 1746 1064 θρῆνον
1768 976 1933 1066 άδελφολν
1955 983 1997 1046 ad

344 1087 454 1172 priora
477 1085 605 1150 rettulit
627 1089 664 1148 ut
687 1069 840 1168 appo-sita
863 1084 930 1148 siut
953 1084 1059 1148 verbis
1082 1071 1204 1170 πῖκρδν
1227 1086 1362 1169 πρᾶγος.
1386 1123 1429 1132 -
1452 1080 1517 1151 ούκ
1538 1085 1583 1152 Μ.
1607 1082 1683 1152 οὐδ’
1709 1086 1826 1154 Oberd
1850 1125 1891 1134 —
1915 1085 1996 1153 ‘Ne

345 1216 405 1278 que
429 1193 580 1276 ambigue
604 1191 755 1256 existimo
779 1213 833 1255 eas
857 1213 896 1256 ex
919 1191 1131 1276 amabilibus,
1154 1191 1219 1255 alte
1237 1191 1351 1257 cinctis
1370 1193 1557 1276 pectoribus
1579 1193 1829 1260 lamentationes
1852 1195 1997 1261 editurae

346 1321 415 1366 esse
439 1299 595 1363 fratribus
619 1296 756 1383 dignas?
802 1297 888 1362 Male
911 1296 1099 1362 Dindorfius
1129 1297 1164 1363 ἐκ
1186 1295 1415 1380 βαθυκόλπων
1438 1297 1593 1383 στηθέων
1616 1300 1783 1366 existimat
1805 1301 1998 1386 simpliciter

345 1409 453 1474 valere
490 1406 545 1471 ‘ex
578 1406 655 1470 altis
688 1403 901 1488 pectoribus',
941 1427 1015 1469 cum
1051 1404 1221 1488 epitheton
1255 1401 1483 1488 βαθυκόλπων
1517 1406 1558 1472 ad
1591 1411 1795 1500 renustatem
1831 1407 1994 1493 virginum

349 1521 496 1600 spectare
525 1517 673 1597 apertum
701 1513 753 1578 sit.
803 1511 877 1577 Vox
904 1516 1013 1577 auteur
1041 1508 1257 1594 βαθύκολπος
1285 1517 1336 1578 est
1363 1511 1506 1578 Homero
1534 1514 1666 1580 usitate.
1716 1513 1755 1580 uf.
1782 1513 1821 1579 Π.
1851 1516 1901 1598 18,
1931 1516 1994 1580 122

347 1621 575 1706 Δαρδανίδων
597 1615 827 1702 βαθυκόλπων
854 1618 930 1683 ibid.
954 1619 1018 1683 339
1043 1619 1255 1704 Δαρδανίδες
1277 1616 1490 1702 βαθύκολποι
1516 1621 1569 1703 24,
1591 1621 1658 1686 215
1684 1618 1869 1706 Τρωιάδων
1891 1623 1996 1704 βαθύ

344 1725 480 1794 κόλπων
503 1726 594 1792 Pind.
610 1726 705 1811 Pyth.
720 1727 751 1811 Ι,
768 1726 808 1791 13
827 1719 1056 1807 βαθυκόλπων
1075 1748 1108 1790 τε
1128 1727 1276 1790 Μοισᾶν.
1312 1725 1453 1810 Hesych.
1472 1750 1498 1791 s.
1511 1749 1542 1790 v.
1564 1723 1791 1810 βαθυκόλπων
1810 1721 1997 1812 Ἡρωίδων·

345 1833 412 1902 άπὸ
437 1837 499 1900 τοῦ
522 1833 695 1920 μεγέθους.
740 1832 797 1898 καὶ
819 1829 1037 1916 βαθυζώνων.
1083 1832 1193 1917 Etym.
1216 1831 1260 1898 M.
1288 1856 1320 1918 p.
1345 1833 1418 1918 185,
1441 1834 1485 1898 42
1512 1829 1762 1916 βαθυκόλπους·
1789 1829 1856 1899 άπὸ
1879 1835 1940 1900 τοῦ
1964 1835 1999 1901 έκ

345 1946 404 2027 τῆς
428 1938 556 2022 ζόσεως
577 1938 802 2025 κολπάματος.
847 1938 937 2005 Idem
960 1939 1027 2004 fere
1051 1940 1162 2006 valent
1183 1936 1381 2022 βαθύζωνος
1408 1937 1463 2026 (cf.
1486 1939 1525 2004 Il.
1551 1942 1579 2024 1,
1601 1940 1681 2024 594,
1703 1941 1738 2026 3,
1763 1941 1826 2007 154
1848 1941 1999 2028 Aeschyl.

345 2049 433 2114 Pers.
445 2047 508 2113 155
532 2046 676 2132 Ohoeph.
690 2046 767 2133 169)
791 2050 823 2111 et
845 2042 1061 2130 βαθύπεπλος
1084 2046 1138 2132 (ci.
1161 2047 1306 2131 Hesych.
1328 2072 1353 2113 ε.
1371 2069 1400 2112 v.
1422 2045 1675 2133 βαθυπέττλων).
1698 2087 1740 2094 -
1764 2043 1999 2132 icero-usus

346 2155 448 2222 futuri
471 2155 562 2219 verbi
585 2154 657 2238 ἴημι
680 2153 842 2220 notandus
865 2157 924 2218 est
955 2153 993 2219 ci.
1008 2153 1096 2219 Pers.
1109 2153 1175 2217 944
1199 2147 1271 2236 ἥσω
1293 2175 1345 2218 τοι
1367 2147 1459 2238 κάμω
1483 2149 1675 2238 πάνδυρτος
1697 2152 1776 2220 Cho.
1790 2155 1856 2220 563
1879 2151 1999 2239 φωνὴν

347 2258 472 2346 ἥσομεν
500 2260 570 2346 (sie.
594 2261 691 2326 Tum.
715 2283 773 2344 pro
798 2265 935 2343 οίσομεν
964 2260 1048 2344 quod
1073 2263 1123 2324 est
1146 2260 1179 2324 in
1201 2257 1320 2344 libris).
1367 2257 1464 2344 Soph.
1488 2260 1540 2326 Αἰ.
1564 2262 1628 2327 628
1657 2256 1734 2326 οὐδ’
1760 2263 1893 2346 οἰκτράς
1916 2259 1999 2346 γόον

348 2366 490 2455 ὄρνιθος
513 2363 642 2452 άηδοῦς
663 2363 738 2452 ἥσει
761 2365 938 2452 δύσμορος,
976 2367 1053 2431 ibid.
1077 2367 1139 2432 851
1166 2361 1240 2450 ἥσει
1262 2363 1368 2450 μέγαν
1390 2363 1542 2432 κωκυτὸν
1566 2367 1603 2434 έν
1626 2365 1715 2455 πάσῃ
1739 2365 1842 2436 πόλει.
1887 2367 2000 2453 Eurip.

347 2475 443 2540 Herc.
456 2475 478 2540 f.
495 2477 581 2542 1295
604 2471 724 2559 φωνὴν
748 2471 813 2560 μὰρ
835 2469 909 2558 ἥσει
932 2471 1037 2559 χθων.
1070 2473 1186 2539 Troad.
1196 2474 1263 2538 440
1286 2475 1324 2537 αἳ
1344 2469 1452 2558 σάρκα
1475 2471 1678 2558 φωνήεσσαν
1700 2472 1826 2559 ἦσουσί
1845 2497 1932 2542 ποτε.
1956 2515 1998 2522 -

347 2605 376 2646 τ.
401 2583 465 2648 866
493 2578 658 2667 πρότερον
681 2577 795 2665 φήμης
822 2581 842 2646 i.
866 2603 892 2645 e.
916 2585 991 2646 aute
1014 2579 1264 2645 lamentationes
1287 2601 1308 2643 a
1329 2581 1494 2646 sororibus
1518 2581 1700 2666 institutas,
1732 2587 1770 2647 ut
1792 2587 1879 2648 recte
1902 2583 1999 2648 inter-

349 2693 498 2774 pretatur
519 2688 725 2754 Hermannus
749 2687 841 2753 ‘ante
864 2689 988 2752 luctum
1011 2686 1186 2754 sororum’.
1230 2687 1343 2752 Etiam
1370 2687 1456 2772 apud
1479 2687 1658 2754 Homerum
1689 2689 1859 2756 mulierum
1883 2690 2000 2758 chorus

348 2797 517 2881 planctum
540 2796 660 2881 praeit,
691 2799 762 2860 tum
785 2793 1027 2877 Andromacha,
1058 2793 1206 2878 Hecuba,
1235 2793 1362 2859 Helena
1384 2816 1514 2860 carmen
1536 2796 1672 2881 lugubre
1695 2801 1828 2863 cantare
1851 2803 2000 2884 pergunt.

350 2901 509 2970 Similiter
531 2903 722 2968 scholiastes
745 2902 852 2970 locum
875 2901 1034 2986 explicat:
1058 2902 1191 2966 δίκαιον
1213 2896 1301 2986 ἡμᾶς
1319 2897 1610 2987 προκατάρχεσθαι
1634 2897 1679 2980 ὥς
1700 2893 1917 2992 προᾳδούσας
1940 2905 2001 2992 (ite

348 3009 520 3095 legendum
543 3032 614 3074 esse
637 3013 728 3094 patet
750 3031 809 3094 pro
831 3005 1104 3094 προακουσάσας,
1136 3009 1223 3094 quod
1246 3013 1296 3074 est
1317 3009 1354 3074 in
1375 3006 1498 3098 libris),
1529 3003 1713 3076 ὑπακούειν
1736 3009 1773 3077 δὲ
1798 3012 1933 3092 ἐκείνας.
1958 3053 1999 3060 -

349 3139 377 3181 v.
401 3117 464 3182 867
494 3115 701 3181 δυσκέλαδον
736 3153 778 3162 -
811 3115 851 3180 cf.
873 3114 950 3181 Hes.
978 3138 1003 3180 s.
1027 3138 1056 3181 r.
1088 3113 1307 3193 δυσκέλαδος·
1340 3111 1533 3200 δύσφωνος·
1565 3113 1671 3183 κακὸν
1701 3105 1787 3203 ἦχον
1818 3114 2000 3186 άποτελιῐν.

348 3222 443 3288 llum.
466 3221 503 3288 ll.
530 3224 579 3306 16,
602 3223 667 3288 356
696 3220 821 3308 φόβοιο
850 3217 1060 3288 δυσκελάδου
1087 3217 1207 3308 (κακὸν
1236 3211 1320 3307 ἦχον
1347 3217 1592 3302 άποτελοῦντος
1615 3223 1739 3310 schot).
1783 3225 1895 3311 Eurip.
1918 3227 2001 3292 Med.

353 3331 419 3393 420
442 3325 552 3396 ούκέτι
576 3329 780 3407 δυσκέλαδος
802 3325 899 3414 φάμα
921 3340 1082 3412 γυναῖκας
1100 3327 1173 3408 ἕξει.
1196 3327 1266 3394 Ion.
1285 3329 1370 3394 1090
1393 3323 1469 3395 ὅσοι
1492 3327 1750 3396 δυσκελάδοισιν
1773 3327 1856 3397 κατά
1879 3345 2002 3418 μοίσαν

350 3431 457 3513 ι’όντες
485 3431 614 3502 ἀείδεθ’
641 3431 760 3521 ὕμνοις
788 3475 830 3482 -
857 3435 935 3500 ibid.
961 3436 1044 3501 1097
1073 3433 1129 3500 καὶ
1156 3430 1257 3519 μοῦσ’
1283 3433 1498 3513 δυσκέλαδος.
1525 3475 1568 3483 -
1595 3461 1624 3503 v.
1648 3439 1713 3506 868
1741 3439 1874 3528 ἐχθροῖν
1897 3441 1940 3506 Μ.
1969 3443 2002 3504 et

349 3543 447 3608 schol
476 3543 561 3609 ‘ion
589 3539 656 3630 γάρ
682 3541 738 3608 καὶ
766 3539 871 3609 παιάν
899 3538 950 3609 ἐπ’
976 3537 1146 3626 άμαθοῖς’.
1190 3541 1283 3618 Quod
1312 3541 1493 3625 scripturae
1523 3545 1674 3612 mendum
1696 3547 1763 3613 iam
1785 3547 1911 3632 pridem
1934 3566 2001 3609 cor·

349 3655 473 3715 rectum
501 3657 553 3716 est
580 3651 621 3716 ad
650 3647 786 3737 ἐχθρόν.
837 3651 877 3716 ef.
905 3649 991 3736 Sept
1019 3673 1048 3714 r.
1072 3651 1137 3716 635
1165 3643 1338 3733 άλοίσιμον
1364 3645 1480 3716 παιάν’
1510 3647 1752 3737 ἐπεξιακχάσας.
1802 3651 1894 3735 Virg.
1921 3648 2001 3714 Aen.

298 3833 304 3848 .
353 3756 414 3842 Vl,
437 3757 500 3823 657
532 3759 716 3842 laetumque
746 3757 845 3824 choro
868 3757 997 3822 Paeana
1020 3759 1181 3854 caneptes.
1225 3754 1270 3840 X,
1294 3757 1358 3822 788
1388 3759 1592 3824 conclamant
1620 3760 1700 3826 socii
1727 3759 1850 3822 laetum
1877 3777 2002 3841 paeana

351 3864 463 3929 secuti.
509 3864 624 3951 Agam.
648 3865 713 3931 645
743 3863 859 3950 πρέπει
889 3863 999 3948 λέγειν
1026 3865 1154 3928 παιᾶνα
1179 3857 1275 3928 τόνδ’
1302 3858 1475 3950 Ἐρινύων.
1521 3863 1665 3952 Choeph.
1694 3864 1754 3929 151
1788 3863 1915 3927 παιᾶνα
1941 3863 2002 3926 τοῦ

351 3969 520 4049 θανόντος
548 3970 786 4056 ἐξαυδωμένας.
840 3971 925 4038 ‘Nos
955 3993 1031 4036 vcro
1061 3971 1250 4056 priusquam
1280 3991 1410 4037 sorores
1442 3970 1543 4038 fleant
1572 3995 1609 4038 ac
1639 3972 1857 4036 lamententur
1885 3970 2002 4036 misere

351 4083 520 4144 sonantem
543 4077 716 4143 Furiarum
738 4101 862 4162 paeana
884 4083 1014 4142 cantare
1038 4076 1190 4162 oportet!
1222 4115 1266 4124 -
1294 4071 1378 4142 άΐδα
1408 4077 1452 4142 Μ.
1497 4077 1573 4144 Non
1595 4079 1676 4142 bene
1700 4075 1846 4143 Caselius
1868 4081 1902 4141 et
1923 4075 2002 4141 Por·

350 4209 449 4251 sunus
479 4185 625 4251 dativum
654 4185 719 4270 legi
749 4184 864 4250 volunt
884 4178 998 4272 Ἅιδᾳ,
1033 4189 1072 4249 ut
1099 4205 1213 4249 sensus
1242 4185 1286 4250 sit
1313 4184 1363 4249 ‘et
1384 4185 1517 4250 Plutoni
1540 4185 1660 4252 hostile
1683 4205 1814 4251 carmen
1837 4182 2001 4250 occinere’

350 4293 421 4358 coll.
448 4290 527 4356 Eur.
549 4291 619 4356 Alc.
642 4312 672 4354 v.
695 4287 761 4356 424
787 4284 993 4374 άντηχήσατε
1016 4291 1144 4355 παιᾶνα
1166 4293 1212 4381 τῷ
1235 4287 1390 4357 κάτωθεν
1413 4287 1573 4380 άσπόνδφ
1596 4293 1686 4382 θεῷ,
1717 4314 1789 4358 oum
1812 4314 1851 4356 ex
1874 4293 2000 4358 antece

326 4399 442 4465 'denti
469 4419 547 4464 voce
572 4393 725 4482 Ἐρινύος
753 4397 877 4463 eluceat
907 4397 1085 4483 genitivum
1108 4397 1161 4463 hic
1185 4397 1343 4484 scriptum
1365 4397 1475 4463 fuisse.
1504 4433 1545 4446 ·-
1580 4397 1698 4465 Utrum
1720 4393 1817 4484 άχεῑν
1841 4419 1883 4466 an
1906 4391 2001 4482 ἠχεῖν

350 4506 555 4573 scribendum
579 4507 623 4571 sit
645 4506 710 4571 iam
733 4505 912 4572 Elmsleius
931 4503 1073 4590 (Heracl.
1089 4503 1168 4590 752)
1190 4509 1224 4570 et
1246 4503 1475 4572 Lachmauuus
1498 4503 1609 4592 (Ghor.
1623 4511 1701 4592 syst.
1714 4528 1745 4591 p.
1759 4503 1817 4590 31)
1840 4504 2001 4588 dubitant,

350 4637 423 4680 cum
452 4613 544 4678 verbi
558 4615 680 4700 λαχεῖν
710 4613 817 4681 media
843 4614 971 4699 syllaba
1000 4613 1100 4699 longa
1126 4611 1183 4696 ait3
1215 4613 1300 4697 quod
1328 4613 1550 4679 demonstrare
1576 4635 1644 4678 non
1669 4616 1855 4698 potueruut
1906 4606 2001 4696 άχεῑν

351 4721 447 4786 Dind.
473 4758 509 4768 -
535 4743 565 4786 v.
580 4721 643 4786 869
668 4719 854 4806 ἐπιμέλπειν
876 4720 920 4786 Μ,
943 4744 964 4786 a
985 4743 1032 4806 pr.
1055 4741 1097 4785 m
1133 4717 1151 4785 έ
1173 4723 1353 4785 correctum
1375 4743 1395 4786 a
1418 4741 1480 4787 see.
1503 4743 1546 4786 m.
1570 4751 1612 4774 =
1636 4721 1769 4804 insuper
1791 4739 1907 4785 canere
1930 4719 1952 4784 i.
1975 4739 2001 4783 a

351 4831 480 4914 praeter
503 4827 673 4893 Furiarum
698 4850 829 4894 emman
852 4829 952 4895 etiam
974 4825 1123 4893 Plutonia
1148 4848 1274 4912 paeana
1297 4848 1419 4894 cauere.
1443 4865 1483 4874 —
1508 4851 1538 4892 τ.
1556 4829 1622 4895 870
1646 4823 1685 4894 ut
1710 4821 1817 4893 11.ιὼ
1842 4821 1882 4892 toi
1907 4823 2003 4892 Dind

356 4973 392 4984 —-
414 4933 573 5001 Versibus
588 4935 764 5002 870-874
787 4933 819 5002 in
843 4935 887 5004 M.
909 4935 1143 5021 praescriptum
1167 4955 1237 5000 ease
1259 4930 1297 5000 κδ
1322 4931 1438 5020 ἕτερον
1460 4932 1560 5020 μέρος
1582 4933 1644 4999 τοῦ
1668 4934 1773 5020 χοροῦ
1796 4931 1883 5000 idern
1905 4935 2004 4998 testu¹
