4586 5668
1000 440 1219 505 ,13-

287 621 441 706 Sequitur
464 620 569 684 altera
590 619 740 704 planetus
759 640 849 703 pars,
872 641 968 704 quam
991 618 1076 682 inter
1095 617 1175 682 duas
1195 637 1320 682 sorores
1340 621 1373 684 et
1391 617 1524 682 ohorum
1543 621 1629 682 r'eote
1648 616 1815 682 distribuit
1826 615 1936 682 West·

286 727 404 813 phalus
431 725 554 811 proleg.
581 744 655 810 pag.
681 719 772 790 137!
803 724 894 790 Idem
927 723 1073 808 quintam
1101 724 1270 811 syzygiam
1299 747 1337 790 ex
1364 725 1522 790 librorum
1549 723 1698 810 vestigiis
1726 721 1935 810 sagacissime

288 833 440 900 restituit.
489 831 679 916 Polynioem
710 831 859 916 deplorat
890 831 1031 916 Ismene,
1063 819 1232 916 Antigona
1262 831 1437 903 Eteoclen.
1482 854 1511 895 v.
1535 830 1597 896 961
1615 867 1656 878 -
1672 853 1700 896 v.
1723 831 1798 898 965.
1834 831 1859 896 L
1887 831 1936 898 Tu

290 940 416 1025 quidem
438 960 609 1023 percussus
632 937 829 1022 percussisti.
866 937 903 1002 A.
928 937 977 1003 Tu
996 959 1071 1004 vero
1090 940 1265 1022 postquem
1288 933 1451 1024 (fratrem)
1480 937 1670 1004 interfecisti
1698 939 1768 1022 ipse
1796 941 1935 1004 mortem

290 1045 479 1112 occubuisti.
523 1044 548 1110 Ι.
571 1044 667 1110 hasta
689 1043 818 1130 quidem
841 1044 1010 1110 sustulisti.
1056 1043 1094 1110 A.
1118 1047 1152 1110 et
1173 1043 1271 1110 hasta
1292 1044 1428 1128 periisti.
1468 1043 1494 1110 Ι.
1517 1043 1637 1111 misera
1659 1046 1865 1130 perpetrasti.
1897 1044 1936 1112 A.

289 1154 407 1218 misera
428 1173 543 1236 passus
568 1173 610 1218 es.
654 1149 680 1216 Ι.
708 1171 765 1217 vae
788 1150 936 1236 gemitus.
981 1152 1020 1216 A.
1047 1172 1107 1216 vae
1130 1151 1292 1218 lacrimae.
1337 1149 1395 1220 ch.
1423 1151 1572 1217 domibus
1595 1154 1629 1216 st
1651 1154 1765 1221 terrae.
1809 1152 1834 1218 I.
1857 1175 1937 1238 prae

289 1258 438 1326 omnibus
462 1261 571 1324 autam
593 1255 683 1324 mihi.
724 1257 763 1324 A.
786 1260 820 1322 et
841 1279 938 1342 porro
963 1256 1092 1342 quidem
1115 1257 1204 1322 mihi.
1228 1294 1270 1305 ·-
1293 1281 1323 1324 v.
1337 1258 1400 1324 961
1426 1254 1469 1324 σὺ
1493 1258 1577 1342 quod
1600 1257 1692 1324 deest
1713 1259 1749 1324 in
1770 1259 1864 1326 libris
1888 1261 1936 1326 in-

291 1367 392 1432 seruit
420 1363 642 1450 Westphalns.
691 1361 850 1430 παισθεὶσ
876 1363 920 1429 Μ.
955 1361 1091 1448 πληγεὶς
1117 1362 1293 1430 Nauokius.
1328 1361 1545 1431 αατακτανόυ
1571 1363 1616 1430 Μ.
1650 1361 1813 1444 κατακτάς
1834 1363 1943 1432 Lech-¹

290 1493 434 1538 mannus.
479 1494 509 1537 v.
532 1471 598 1538 969
629 1473 765 1538 ἔκταυεσ
792 1469 835 1536 M.
871 1473 985 1548 ἔκανες
1012 1469 1247 1536 Romaanus·
1278 1495 1306 1537 v.
1330 1471 1395 1538 963
1428 1468 1634 1556 μελεόπονοσ
1656 1471 1700 1537 M.
1737 1469 1938 1556 μελεοπόνος

290 1577 514 1645 Schneiderus.
541 1577 689 1645 Weilius.
725 1575 918 1664 μελεοποιός
945 1576 1197 1644 Heimsoethius.
1242 1601 1270 1644 v.
1294 1579 1360 1644 964
1388 1573 1446 1644 ίτό
1474 1575 1560 1662 νόοσ
1582 1616 1625 1625 -
1650 1583 1708 1644 ίτιο
1737 1575 1867 1664 δάκρυα
1894 1579 1938 1645 M.

290 1683 398 1772 δάκρυ
419 1685 656 1752 Laohmannus.
701 1682 741 1752 ca
761 1724 805 1732 -
824 1681 864 1752 foi
888 1683 1111 1770 Westphalus.
1154 1683 1235 1750 Post
1257 1685 1342 1752 huno
1364 1706 1493 1752 versum
1517 1689 1695 1772 sequuntur
1716 1685 1752 1751 in
1774 1685 1817 1752 M.
1841 1687 1939 1752 verba

290 1814 363 1880 προ.
395 1795 538 1858 κείσεται
560 1789 739 1858 κατακτάσ·
771 1787 813 1878 ἦέ
842 1788 896 1876 ἠέ,
928 1815 1011 1878 quse
1038 1793 1073 1858 in
1101 1792 1339 1877 antistrophum
1366 1793 1537 1858 transtulit
1562 1791 1776 1878 Wastphalus
1809 1793 1938 1860 omissis

289 1897 569 1966 interiectionibus
593 1895 634 1984 ἠέ
654 1895 701 1985 ἠέ.
726 1939 768 1946 -
792 1922 920 1966 vorsum
944 1899 1018 1965 965.
1042 1899 1307 1984 ex’antistropho
1330 1899 1484 1984 repetivit
1505 1899 1728 1986 Westphalus.
1771 1898 1852 1966 Post
1874 1895 1939 1966 δά-

290 2023 392 2090 μασιν
414 2005 449 2070 in
471 2005 514 2072 M.
537 2006 657 2077 lineola
680 2007 777 2072 dueta
800 2011 858 2074 est
902 2029 932 2073 v.
954 2007 1020 2072 966
1036 2043 1077 2052 —
1093 2007 1212 2076 τ.,970
1238 2005 1263 2072 Ι.
1291 2008 1475 2091 prostratus
1498 2007 1582 2072 iaoes
1606 2011 1782 2092 postquam
1803 2007 1938 2072 fratrem

290 2113 543 2180 interfecisti...
568 2111 592 2180 I.
615 2113 816 2180 miserabilia
837 2114 913 2180 licet
935 2115 1049 2181 dicere.
1071 2113 1111 2180 A.
1133 2113 1334 2179 miserabilia
1356 2117 1464 2180 autem
1487 2115 1681 2200 conspicare.
1705 2113 1730 2178 Ι.
1752 2135 1810 2179 τοι
1834 2114 1936 2180 labor.

160 2293 167 2306 .
291 2219 330 2284 A.
352 2240 412 2284 vae
434 2219 530 2285 mala
576 2243 604 2285 v.
628 2219 694 2285 966
717 2238 790 2304 προ.
813 2222 956 2285 κείσεται
979 2219 1022 2285 Μ.
1045 2215 1220 2304 πρόκεισαι
1242 2219 1458 2287 Hermannus.
1504 2220 1586 2287 Tum
1609 2221 1760 2288 lacunam
1782 2220 1940 2287 indioavit

292 2325 511 2411 Westphalus.
556 2349 584 2391 v.
609 2327 732 2391 967-
746 2349 775 2392 v.
799 2326 871 2392 970.
904 2324 1132 2412 Horremus,
1164 2327 1219 2412 qui
1245 2328 1281 2392 in
1303 2327 1346 2392 M.
1369 2332 1445 2412 post
1467 2351 1496 2393 v.
1519 2328 1584 2394 993
1608 2325 1671 2415 (ed.
1694 2324 1804 2414 Dind.)
1827 2327 1938 2412 scripti

182 2429 186 2438 ’
292 2438 380 2518 sunt,
401 2433 456 2498 hio
478 2433 626 2516 reposuit
648 2433 870 2519 Westphalus.
916 2431 1015 2500 Guius
1038 2433 1306 2518 transpositionis
1329 2433 1467 2520 vestigia
1489 2433 1523 2498 in
1546 2433 1677 2501 soholiis
1701 2437 1831 2501 servata
1854 2437 1938 2500 sunt

290 2540 411 2606 Errore
433 2540 519 2606 enim
542 2539 669 2606 librarii
691 2562 802 2607 vorsus
830 2535 912 2606 titoni
936 2539 1059 2624 λέγειν·
1091 2536 1173 2606 όλοίι
1203 2537 1235 2606 δ’
1261 2535 1347 2626 ὁρᾶν
1376 2562 1448 2605 oum
1476 2541 1600 2607 soholio
1629 2535 1671 2607 οὐ
1699 2537 1807 2626 μόνον
1834 2543 1939 2606 ταῦτα

292 2644 401 2730 λέγειν
424 2641 506 2713 ὀλοὰ
530 2641 615 2712 stat
638 2645 694 2713 καὶ
719 2641 879 2734 όράσθαι·
901 2657 1006 2713 κεῖται
1029 2641 1094 2733 γὰρ
1117 2642 1157 2712 τὰ
1181 2644 1317 2732 στόματα
1339 2650 1415 2732 post
1437 2669 1467 2712 v.
1490 2647 1555 2714 993
1578 2647 1733 2732 repetitus
1756 2651 1816 2714 est
1859 2647 1939 2714 Inde

294 2758 399 2818 autem
427 2753 512 2838 quod
539 2753 574 2820 in
601 2753 726 2821 soholio
749 2754 866 2820 dieitur
888 2764 993 2820 κεῖται
1014 2749 1055 2818 aot
1084 2750 1220 2838 σώματα
1243 2753 1453 2820 manifestum
1477 2757 1540 2837 est,
1563 2755 1599 2818 in
1621 2753 1714 2820 libris
1737 2753 1934 2820 soholiastae

294 2879 422 2924 versum
453 2855 535 2925 όλοά
566 2859 688 2944 λέγειν·
719 2855 801 2927 ὀλοόι
833 2855 865 2926 δ’
892 2855 977 2948 ὁρᾶν
1007 2859 1054 2926 ibi
1084 2861 1240 2946 seriptum
1269 2859 1370 2925 fuisse
1399 2860 1456 2926 ubi
1478 2859 1690 2944 Westphalus
1720 2881 1793 2927 eum
1816 2861 1939 2946 posuit3

294 2987 370 3030 narn
397 2965 465 3032 illio
493 2973 785 3034 commemorantur
816 2968 954 3033 fratrum
981 2989 1119 3052 corpora
1148 2966 1239 3032 humi
1267 2969 1434 3051 prostrata
1461 2964 1654 3052 (πρόκεισαι
1680 2965 1872 3055 κατακτάς).
1896 3006 1939 3014 -

295 3067 378 3138 όλοά
403 3076 511 3140 autem
534 3073 588 3140 hie
607 3075 739 3160 passive
764 3074 933 3142 exhibetur
956 3105 997 3128 ε
1021 3070 1128 3160 λυγρά
1154 3073 1276 3159 tristia,
1303 3073 1506 3140 miserabilia
1533 3095 1576 3138 so.
1599 3074 1780 3140 occisorum
1802 3074 1939 3140 fratrum

293 3202 438 3265 corpora
483 3180 522 3246 ef.
545 3181 632 3248 Pers.
655 3182 720 3248 962
746 3177 867 3260 ὀλοοὺς
889 3177 1076 3252 ἀπέλειπον.

626 3395 695 3464 στρ.
720 3375 758 3457 ζ’.
1437 3369 1583 3461 άντιστρ.
1608 3372 1645 3454 ζ’,

295 3523 355 3584 ΙΣ.
383 3515 437 3604 δὴ,
460 3514 497 3604 ἐὴ
522 3523 673 3604 μαίνεται
697 3517 807 3604 γόοισι
830 3517 930 3606 φρήν.
1143 3523 1204 3584 ΙΣ.
1233 3515 1287 3603 ἐν),
1312 3514 1348 3602 ἐὴ
1373 3515 1543 3584 δυσθέατα
1566 3513 1701 3603 πήματα

296 3627 370 3691 AN.
385 3621 480 3703 ἐντὸς
502 3623 540 3692 δὲ
562 3628 684 3712 καρδία
707 3627 826 3694 στένει·
1144 3630 1219 3692 AN.
1234 3621 1358 3704 ἐδέξατ’
1384 3624 1643 3710 ἐκπεφυμμένος·

295 3736 356 3798 ΙΣ.
373 3734 399 3798 ’ί
412 3728 442 3813 “,
466 3729 506 3799 fai
530 3729 700 3817 πάνδυρτε
724 3729 779 3798 σύ·
1143 3737 1204 3799 [Σ.
1233 3728 1309 3799 οὐδ’
1334 3727 1422 3798 ἵκεθ’
1448 3727 1493 3810 ὥς
1515 3731 1728 3798 κατέκτανεν·
1888 3750 1940 3800 980

296 3843 369 3904 AN.
385 3835 427 3904 σὺ
452 3834 485 3904 δ’
511 3827 592 3904 αὖτε
613 3837 669 3904 καὶ
692 3836 871 3907 πανάθλιε·
1144 3843 1220 3905 AN.
1235 3837 1357 3916 σωθεὶς
1381 3835 1418 3904 δὲ
1440 3835 1560 3923 πνεῦμ’
1587 3835 1774 3906 άποόλεσευ·

296 3949 359 4011 ΙΣ.
386 3943 468 4030 πρὸς
496 3949 599 4031 φίλου
622 3948 758 4032 ἔφθισο·
803 3951 879 4014 AN.
906 3944 961 4012 καὶ
989 3949 1090 4031 φίλον
1144 3951 1205 4012 ΙΣ.
1233 3943 1335 4012 ὤλεσε
1359 3946 1458 4030 δῆτα,
1481 3950 1551 4011 ναί·
1583 3949 1658 4012 AN.
1691 3943 1791 4013 τόνδε
1814 3942 1845 4012 δ’
1868 3943 1939 4012 ε’νό-

722 4058 862 4134 ἔκτανες.
1039 4069 1090 4118 970
1571 4069 1701 4137 σφισιν.

297 4163 358 4226 ΙΣ.
386 4161 486 4226 διπλᾶ
510 4159 633 4244 λέγειν·
657 4165 732 4228 AN.
756 4163 856 4228 διπλᾶ
880 4155 911 4226 δ’
938 4156 1032 4248 ὁρᾶν.
1144 4163 1206 4226 ΙΣ.
1234 4156 1340 4224 τάλαν
1362 4157 1474 4243 μένος·
1498 4163 1575 4224 AN.
1599 4157 1704 4225 τάλαν
1727 4156 1851 4237 πάθος·

296 4269 357 4332 ΙΣ.
386 4262 467 4352 ἄχεα
490 4267 597 4334 τάνδε
619 4263 694 4333 τάδ’
720 4265 874 4353 ἐγγύθεν.
1144 4271 1206 4333 ΙΣ.
1234 4263 1382 4332 δύστονα
1404 4261 1496 4350 κήδε’
1523 4261 1709 4354 ὁμοίνυμαῇ

297 4377 372 4440 AN.
387 4372 487 4452 πίλας
510 4370 556 4440 λό’
582 4370 703 4460 ἀδέλφ’
730 4371 913 4461 ἀδελφεῶν.
1145 4375 1221 4440 AN.
1236 4374 1357 4458 δίυγρα
1379 4371 1568 4458 τριπάλτων
1591 4372 1761 4459 πημάτων.
1887 4389 1939 4440 sss

264 4541 267 4550 .
297 4484 366 4547 XO.
385 4476 426 4546 fai
1075 4476 1078 4484 ⁴
1145 4485 1214 4547 XO.
1234 4477 1269 4545 ί’

386 4591 503 4673 Μοῖρα
525 4583 747 4674 βαρυδότειρα
770 4585 893 4674 μογερὰ
917 4586 1036 4655 πότνιά
1060 4585 1089 4652 τ’
1235 4591 1351 4672 Μοῖρα
1374 4582 1597 4672 βαρυδότειρα
1619 4583 1743 4672 μογερά
1768 4583 1889 4652 πότνιά
1911 4582 1937 4651 τ’

724 4697 868 4762 Οἰδίπου
891 4693 985 4760 σκιά·
1039 4713 1091 4761 οτι
1425 4761 1429 4769 ,
1572 4693 1715 4760 Οἰδίπου
1737 4690 1829 4758 σκιά·

385 4796 514 4887 μέλαιν’
538 4797 669 4888 Ἐρινὺς
692 4791 714 4886 ἦ
737 4800 946 4888 μεγασθενής
967 4827 1017 4880 τις
1040 4797 1078 4867 εἶ.
1234 4797 1363 4886 μέλαιν’
1387 4795 1519 4882 Ἐρινὺς
1540 4789 1563 4884 ἦ
1586 4797 1795 4884 μεγασθενής
1817 4824 1866 4878 τις
1889 4795 1926 4866 εἶ.

298 5022 327 5064 v.
346 4999 504 5064 966-v.
522 4999 596 5064 973.
629 4999 656 5065 l.
679 4997 757 5085 Vae,
778 5021 838 5064 vae
861 4999 984 5065 insanit
1006 5020 1096 5064 mens
1119 4998 1249 5083 gemitu.
1296 4997 1334 5061 A.
1357 4997 1444 5061 intus
1469 4999 1577 5062 autem
1600 4995 1785 5081 ingemiscit
1808 5017 1870 5060 eor.
1915 4995 1940 5059 1.
