4586 5668
1054 371 1248 487 ξι..

322 591 396 662 ἀλλ’
427 592 479 661 ἐπὶ
508 589 678 682 ἀναιρέσει
705 597 745 684 τῇ
772 595 925 684 σιδήρου.
971 596 1049 662 Inde
1073 603 1182 664 autem
1206 598 1322 682 elucet,
1354 597 1389 663 in
1412 598 1549 664 vetustis
1572 600 1667 666 libris
1690 599 1848 686 scriptum
1871 599 1972 666 fuisse

322 699 586 788 decapitandi,
609 703 779 788 quodiam
798 703 949 770 Halmius
973 729 1011 770 ex
1034 706 1220 771 coniectura
1243 710 1410 772 assecutus
1434 709 1517 790 erat,
1542 729 1736 792 quamquam
1755 707 1790 772 in
1809 729 1848 773 eo
1866 707 1970 774 falsus

323 810 479 895 estquod
502 833 541 875 ex
565 811 668 876 altero
692 811 817 876 scholio
842 809 882 876 ad
905 815 1053 890 nostrum
1071 813 1192 878 locum:
1214 807 1253 878 τό
1274 810 1360 895 ἑξῆς·
1385 808 1568 898 cantrazac
1587 809 1632 878 δι’
1649 808 1844 899 εὐωνύμων.
1871 816 1972 880 τοῦτο

324 913 362 982 a
383 918 559 1002 συμβαίνει
583 917 620 984 έν
643 928 713 995 τοῖς
734 913 817 983 ιιατά
840 913 878 984 τὸ
903 917 1057 986 ἐναντίον
1081 917 1270 1003 ἱσταμένοις
1292 919 1324 984 id
1343 920 1519 986 eruendum
1539 941 1609 985 esse
1628 923 1758 1004 praeter
1775 941 1843 986 rem
1863 921 1971 986 existi·

324 1027 401 1090 met
446 1023 534 1090 Luce
557 1023 643 1090 enim
667 1025 788 1090 clarius
812 1030 862 1092 est
884 1026 947 1092 hoc
970 1027 1130 1092 scholium
1154 1027 1354 1111 adscriptum
1379 1048 1449 1092 esse
1474 1027 1514 1092 ad
1537 1031 1662 1092 textum
1683 1028 1752 1092 iam
1773 1027 1995 1094 lacunosum..

321 1169 365 1177 —
388 1153 418 1196 v.
442 1131 507 1197 892
524 1168 562 1179 -
578 1154 608 1198 v.
633 1133 698 1198 894
726 1131 763 1198 B.
785 1131 868 1220 Vae,
891 1155 950 1199 vae
973 1142 996 1198 a·
1016 1133 1078 1199 diis
1101 1134 1222 1200 missae
1249 1132 1288 1198 Α.
1316 1155 1388 1218 vae,
1412 1156 1471 1200 vae
1493 1133 1594 1200 Dirae
1618 1135 1763 1200 caedium
1786 1138 1971 1202 mutuarum

322 1237 343 1302 i.
367 1259 393 1302 e.
421 1259 503 1322 quae
530 1241 666 1304 mortem
697 1238 853 1306 fratribus
881 1239 1043 1325 parabant
1069 1243 1183 1306 mutua
1210 1239 1306 1306 caede
1334 1241 1491 1306 effectam.
1520 1278 1562 1288 —-
1594 1239 1714 1308 Forma
1741 1238 1917 1326 δαιμόνιος
1939 1247 1973 1306 et

322 1345 499 1410 masculine
528 1347 562 1410 et
582 1345 736 1412 feminine
765 1349 903 1432 aposta
926 1347 1064 1413 effertur.
1110 1346 1223 1432 Itaque
1245 1347 1332 1432 quod
1356 1346 1466 1432 Suppl.
1491 1372 1518 1414 v.
1543 1348 1585 1414 99
1609 1349 1759 1414 inlibris
1783 1353 1833 1416 est
1856 1351 1972 1433 δαιμο-

321 1454 405 1517 νέων
429 1451 632 1518 scribendum
655 1453 783 1520 videtur
806 1450 993 1538 δαιμόνιον.
1022 1493 1065 1500 -
1097 1449 1281 1540 ἀντιφόνος
1308 1455 1328 1519 i.
1352 1477 1378 1519 e.
1402 1455 1532 1521 eaedem
1556 1455 1652 1520 caede
1676 1477 1903 1540 compensans,
1936 1459 1973 1521 ut

319 1563 405 1624 reete
428 1559 640 1626 Blomfieldus
663 1582 776 1627 vocem
798 1561 1040 1646 interpretatur.
1077 1563 1115 1628 cf.
1138 1561 1232 1628 Elam.
1247 1562 1310 1627 981
1336 1555 1542 1646 ἀντιφόνους
1565 1557 1648 1639 ἄτας
1670 1561 1768 1647 Soph.
1782 1561 1867 1626 Phil.
1885 1562 1970 1627 1164

319 1661 508 1752 ἀντιφόνον
529 1665 665 1752 κορέσαι
689 1665 795 1752 στόμα
814 1700 856 1723 =
876 1691 912 1736 os
936 1671 1021 1755 quod
1045 1670 1174 1736 caedem
1198 1691 1257 1753 pro
1280 1669 1377 1736 caede
1399 1670 1515 1736 reddit.
1559 1669 1689 1736 191248
1713 1664 1859 1736 doicooo’
1881 1664 1971 1734 ἀντι-

319 1769 449 1856 φόνους
471 1774 575 1852 δίκας.
598 1811 642 1820 ——
665 1797 694 1840 v.
717 1775 782 1840 893
806 1773 849 1860 δή
873 1781 949 1842 ante
971 1773 1134 1842 θανάτων
1157 1776 1242 1861 quod
1266 1775 1301 1841 in
1322 1775 1366 1841 M.
1389 1775 1481 1842 deest
1503 1777 1643 1842 inseruit
1664 1775 1818 1856 Weilius3
1847 1775 1883 1842 έκ
1905 1799 1972 1842 ma-

320 1881 392 1946 vult
414 1880 651 1948 Lachmannus.
673 1919 717 1928 —
745 1905 774 1949 v.
798 1883 864 1948 894
877 1921 922 1932 -
936 1907 965 1950 v.
989 1884 1053 1949 899
1077 1883 1114 1949 Β.
1138 1883 1242 1949 Grave
1265 1881 1345 1948 dicis
1369 1883 1486 1948 vulnus
1510 1881 1700 1967 impositum
1723 1920 1768 1930 —
1795 1883 1835 1950 A.
1854 1883 1971 1950 volnus

323 1986 395 2052 dico
418 1991 451 2054 et
473 1988 622 2056 domibus
646 1992 679 2054 et
702 1989 893 2074 corporibus
912 1991 1117 2076 impositum,
1140 1989 1177 2056 B.
1197 1993 1230 2054 et
1247 1994 1381 2074 propter
1400 1989 1568 2056 infandum
1586 1989 1729 2056 furorem
1749 1989 1808 2076 (sc.
1821 1989 1972 2079 frahum)

321 2099 355 2160 et
385 2099 518 2181 propter
549 2095 683 2162 fatalem
716 2097 910 2164 discordiam
941 2098 1046 2182 patris
1079 2097 1159 2164 diris
1192 2095 1407 2183 efflagitatam
1439 2096 1459 2161 i.
1484 2119 1509 2162 e.
1533 2118 1629 2182 quam
1659 2101 1753 2182 pater
1775 2098 1972 2184 imprecatus

322 2205 401 2267 erat.
423 2239 466 2248 -
494 2202 670 2268 διανταίαν
693 2201 804 2288 λέγειν
825 2199 957 2288 πίαγάν
979 2203 1024 2268 M.
1057 2202 1291 2288 πεπίαγμέναν
1313 2203 1533 2290 Westphalus.
1578 2203 1631 2270 Ita
1654 2205 1754 2272 etiam
1777 2205 1972 2270 scholiastes

321 2307 401 2393 legit
430 2309 486 2394 qui
519 2309 695 2374 διανταίαν
722 2308 958 2395 πεπλαγμέναν
990 2311 1131 2396 explicet
1163 2306 1310 2395 *πληγὴν
1340 2305 1487 2394 διαμπὰξ
1516 2309 1728 2395 γενομένην’.
1780 2309 1843 2376 Mst
1872 2311 1920 2398 igi
1936 2335 1974 2378 ur

321 2413 437 2481 vulnus
460 2417 689 2502 gravissimum
713 2440 776 2504 quo
799 2422 932 2503 pectora
954 2439 1108 2504 percussa
1130 2419 1213 2484 sunt
1257 2416 1299 2482 cf.
1317 2415 1411 2482 Mum.
1425 2417 1492 2482 334
1514 2418 1671 2483 διανταία
1693 2428 1807 2504 μοῖρα·
1830 2413 1851 2503 ἡ
1877 2419 1972 2505 διαμ-

319 2517 384 2600 τιάξ
410 2521 651 2610 τιμωρουμένη.
697 2526 853 2592 διανταία
881 2529 989 2592 autem
1017 2525 1166 2592 absolute
1190 2523 1361 2590 exhibetur
1383 2547 1426 2590 sc.
1449 2519 1568 2610 πληγή.
1614 2525 1654 2591 cf.
1678 2523 1757 2592 Oho.
1780 2525 1845 2592 646
1873 2523 1911 2592 τὸ
1937 2522 1970 2592 δ’

319 2625 397 2716 ἀγχι
426 2627 626 2716 πλευμόνων
655 2631 751 2718 ξίφος
779 2635 955 2699 διανταίαν
983 2627 1161 2712 ὀξυπευκὲς
1189 2625 1273 2720 edroi
1302 2627 1373 2697 daci
1397 2633 1511 2708 Δίκας.
1557 2631 1644 2698 Pers.
1668 2633 1733 2698 578
1760 2633 1892 2700 παίδων
1913 2635 1973 2714 τᾶς

319 2734 485 2822 ἀμιάντου
506 2739 550 2806 ib.
565 2739 630 2806 612
653 2742 712 2826 τῆς
733 2737 763 2806 τ’
781 2737 1022 2828 ἀνθεμουργοῦ
1045 2737 1182 2824 στάγμα.
1201 2779 1245 2786 -
1269 2735 1403 2823 δόμοισι
1421 2735 1477 2802 καὶ
1496 2734 1648 2823 στόμασιν
1662 2778 1706 2788 -
1719 2739 1973 2826 πεπλαγμένονσ

321 2845 484 2934 έν(ν)έπω
512 2847 582 2934 (alt.
607 2872 629 2914 ν
652 2871 672 2913 a
695 2871 775 2916 corr.
799 2847 886 2936 add)
908 2847 952 2914 M.
998 2844 1116 2933 δόμοις
1143 2847 1369 2932 Westphalus,
1401 2846 1456 2930 qui
1485 2845 1676 2913 hemichorii
1703 2851 1815 2914 notam
1843 2849 1972 2916 delevit.

321 2953 553 3038 πεπλαγμέναν
580 2955 779 3041 Hartungns.
824 2957 1001 3022 διανταίαν
1029 2951 1163 3042 δόμοισι
1192 2950 1343 3039 σώμασίν
1370 2949 1400 3018 τ’
1426 2953 1574 3032 ἐννέπεις
1600 2953 1833 3040 πεπλαγμέναν
1862 2955 1972 3022 Haim-

321 3061 480 3146 soethius,
517 3084 589 3128 cum
621 3061 728 3146 λέγεις
759 3065 892 3129 verbum
926 3085 964 3128 ex
993 3063 1265 3147 interpretatione
1295 3061 1386 3126 verbi
1417 3061 1564 3140 ἐννέπεις
1579 3119 1581 3124 2
1593 3065 1723 3147 putaret
1752 3065 1860 3128 ortum
1893 3085 1972 3129 erse.

319 3165 451 3252 πίαγόν
483 3172 517 3233 et
548 3169 675 3235 ἐννέπω
707 3170 827 3238 delevit
860 3169 1046 3235 Elmsleius.
1079 3206 1117 3216 —
1151 3167 1232 3234 Post
1258 3167 1350 3252 μένει
1378 3170 1516 3235 inseruit
1540 3165 1571 3234 τ’
1596 3169 1854 3254 Heimsoethius,
1886 3169 1972 3254 quod

320 3275 411 3341 deest
434 3277 594 3342 inlibris.
624 3315 663 3324 —
697 3277 784 3344 Ante
813 3274 992 3363 διχόφρονι
1020 3276 1110 3341 deest
1137 3276 1235 3361 longa
1263 3276 1403 3360 syllaba,
1436 3298 1535 3362 quare
1563 3275 1769 3342 Hermannue
1797 3276 1878 3342 bene
1906 3273 1971 3341 σόν

320 3384 453 3449 addidit.
480 3423 523 3430 -
557 3381 730 3472 διχόφρων
758 3386 859 3450 estis
884 3385 938 3470 qui
962 3383 1102 3449 discordi
1126 3387 1319 3466 meuteest3
1353 3379 1542 3469 διγόφρονα
1564 3381 1694 3468 πότμον
1717 3405 1787 3448 erse
1811 3384 1969 3470 διχοφρο-

320 3487 425 3576 σύνης
447 3489 576 3577 πότμον
600 3493 682 3558 vidit
706 3491 884 3559 sebonius.
908 3530 951 3538 -
975 3487 1037 3576 οὐχ
1061 3485 1285 3575 ὁμονοοῦντες
1309 3489 1406 3556 schol.
1428 3527 1473 3539 -
1496 3513 1525 3555 v.
1539 3489 1605 3555 900
1618 3527 1655 3536 -
1668 3513 1696 3555 v.
1711 3489 1785 3556 905.
1807 3487 1847 3555 Α.
1870 3487 1968 3554 Ροοο·

319 3603 388 3664 trat
411 3604 519 3665 autem
543 3599 643 3666 etiam
665 3623 724 3685 per
746 3600 860 3665 urbem
884 3599 1034 3686 gemitus.
1061 3598 1099 3663 B.
1122 3597 1339 3684 ingemiscunt
1361 3601 1477 3663 turres.
1500 3597 1539 3662 A.
1563 3597 1751 3683 ingemiscit
1774 3601 1862 3664 terra
1884 3597 1971 3664 viros

320 3729 431 3773 amans
459 3705 500 3794 (i.
531 3729 556 3772 e.
590 3713 679 3772 terra
715 3708 822 3793 patria
851 3729 934 3791 quae
963 3705 1081 3770 fratres
1111 3705 1295 3789 procreavit
1324 3708 1357 3768 et
1387 3704 1470 3769 aluit
1499 3704 1610 3790 itaque
1640 3725 1782 3769 amorem
1814 3725 1908 3769 suum
1937 3705 1972 3769 in

320 3836 375 3880 eos
399 3810 557 3900 ostendit)
586 3819 619 3880 et
644 3815 785 3899 posteris
815 3814 1037 3898 relinquentur
1069 3811 1302 3896 possessiones.
1348 3811 1384 3875 B.
1417 3812 1459 3878 ob
1492 3833 1571 3896 quas
1604 3809 1903 3877 infelicissimis-
1930 3810 1971 3876 A.

322 3921 363 3988 ob
387 3944 466 4006 quas
490 3927 563 3988 orta
586 3925 636 3988 est
658 3923 728 3988 rixa
751 3925 785 3986 et
807 3943 904 3986 mors.
928 3959 970 3965 —
995 3915 1164 4002 διήκει-
1188 3917 1227 3983 ef.
1250 3917 1391 4004 11μῖιό
1414 3913 1520 4002 πυρὸς
1543 3913 1575 3982 δ’
1592 3911 1650 3981 ὑπ’
1666 3911 1849 4000 εὐαγγέλου
1871 3913 1971 3984 πόλιν

321 4024 429 4112 διήκει
451 4025 519 4093 bod
543 4025 645 4113 βάξις.
670 4067 712 4074 -
736 4029 835 4094 verba
858 4027 1011 4093 στένουσι
1034 4021 1158 4111 πύργοι
1181 4025 1274 4090 alteri
1297 4023 1497 4091 hemichorio
1522 4024 1674 4090 attribuit
1695 4022 1971 4108 Westphalus.-

319 4133 442 4201 κτέανα
463 4131 493 4200 τ’
515 4131 688 4219 έπιγόνοισ
710 4135 753 4201 M.
776 4130 851 4200 τόδ’
877 4131 1016 4200 Weilius
1040 4139 1074 4199 et
1095 4133 1143 4198 ita
1166 4132 1357 4199 scholiastes
1380 4131 1489 4218 legere
1511 4129 1619 4216 potuit
1641 4129 1697 4215 qui
1721 4121 1758 4214 ‘d
1782 4125 1904 4215 οὕτως,
1927 4126 1968 4196 ad

321 4241 443 4308 κτέανα
464 4244 580 4326 ταῦτα,
605 4233 679 4308 οἷον
701 4239 741 4308 ad
767 4238 899 4328 ὀνείδη,
923 4237 1027 4325 διήξει
1046 4239 1141 4328 μέχρι
1158 4242 1227 4307 τῶν
1251 4235 1433 4324 έπιγόνων’
1452 4239 1683 4322 interpretatus
1707 4241 1765 4303 est.
1810 4235 1873 4302 Sed
1896 4259 1970 4302 eum

321 4349 399 4414 illud
421 4351 526 4415 ταῦτα
550 4349 729 4434 explicandi
753 4371 851 4416 causa
874 4349 1034 4414 addidisse
1065 4347 1241 4414 verisimile
1264 4351 1321 4412 est.
1366 4343 1480 4430 Neque
1502 4348 1553 4411 est
1575 4365 1632 4410 cur
1654 4345 1688 4410 in
1710 4345 1883 4410 verborum
1905 4344 1969 4410 col·

322 4455 482 4523 locatione
505 4457 705 4524 haereamus.
741 4456 927 4522 Inversione
951 4457 1036 4522 enim
1058 4479 1137 4524 usus
1161 4459 1212 4521 cst
1233 4457 1340 4540 poeta.
1375 4451 1552 4519 Nemeum
1571 4451 1676 4518 dicere
1694 4451 1826 4517 deberet
1847 4447 1968 4518 κτέανά

319 4558 349 4628 τ’
376 4559 544 4648 ἐπιγόνοις
572 4574 666 4648 μενεῖ
693 4564 826 4630 verbum
850 4573 945 4648 peret
964 4567 1002 4628 ut
1023 4563 1178 4628 maiorem
1202 4562 1232 4627 ei
1255 4561 1384 4626 afferret
1405 4559 1471 4625 rim
1495 4559 1529 4625 in
1552 4558 1646 4624 initio
1669 4557 1828 4624 enuntiati
1850 4559 1970 4644 posuit,

320 4671 519 4756 reliquorum
546 4671 717 4736 verborum
747 4671 858 4736 ordine
888 4673 1025 4736 servato.
1071 4668 1228 4736 Similiter
1256 4665 1295 4734 δέ
1315 4666 1478 4752 particule
1501 4665 1661 4732 collocata
1684 4663 1846 4730 invehitur
1870 4655 1968 4750 Soph.

322 4778 372 4842 Αἰ.
397 4777 460 4843 116
491 4773 592 4842 τοῦτό
626 4793 678 4843 σοι
712 4772 743 4842 δ’
775 4777 915 4861 ἐφίεμαι.
969 4777 1083 4842 Aesch.
1112 4774 1191 4842 0110.
1216 4776 1278 4840 161
1312 4770 1376 4858 tyci
1409 4774 1528 4851 διπλᾶς
1560 4769 1598 4838 δέ
1629 4769 1730 4838 τάσδε
1762 4769 1970 4859 χειροναξίας

322 4880 444 4970 txooo’.
468 4922 511 4930 -
538 4883 650 4970 μένειν
678 4907 750 4952 cum
778 4884 888 4950 dativo
915 4885 1122 4951 coniunctum
1149 4887 1200 4948 est
1226 4885 1263 4946 ut
1291 4879 1402 4966 Suppt
1430 4882 1495 4948 385
1522 4879 1619 4965 μένει·
1641 4903 1692 4946 τοι
1722 4875 1830 4965 Ζηνὸς
1859 4879 1969 4945 ίντίον

319 4989 418 5072 κότος
448 4992 754 5080 δυσπαραθέλκτοις
786 4989 847 5080 (sie
870 4989 950 5057 Rob.
974 4987 1263 5078 δνσπαρθέλιιτοισ
1289 4987 1348 5076 Μ.)
1381 4985 1551 5066 παθόντος
1580 4993 1711 5066 οίιιτοις.
1739 5025 1783 5038 -·—
1815 4986 1968 5054 Alludere
