4586 5668
1004 447 1222 514 ..15-

285 622 373 710 άγαυ
396 625 542 692 Weilius.
577 625 691 712 Neque
713 647 790 694 vero
814 629 864 692 est
887 648 944 692 cur
966 626 1047 692 illud
1069 629 1130 691 ναί
1150 627 1191 692 ab
1215 625 1403 692 Hermanno
1428 607 1638 712 sagacissime
1660 627 1849 694 restitutum
1872 629 1936 694 dis·

284 733 415 819 pliceat,
439 754 512 798 curn
535 733 730 799 affirmativa
751 755 833 818 quae
856 733 910 798 hic
932 733 1107 818 requiritur
1130 733 1164 798 in
1186 755 1225 798 ea
1248 734 1408 818 particula
1430 733 1510 798 insit
1532 735 1590 800 vis.
1628 758 1656 801 v.
1671 735 1737 803 983
1763 731 1932 801 -τάλαν

289 840 403 924 γένοσ·
427 877 470 886 -
503 836 631 906 τάλανα
662 837 717 906 καὶ
750 836 877 906 παθόν·
909 839 952 906 Μ.
998 838 1098 924 μένος
1128 839 1278 906 Weilius.
1330 838 1460 907 τάλανα
1490 837 1605 907 παθόν
1636 841 1708 909 Par.
1740 843 1780 909 A.
1832 840 1938 909 τάλαν

287 944 341 1013 καὶ
363 943 475 1025 πάθος
497 945 534 1012 G.
566 944 671 1014 τάλαν
693 944 804 1026 πάθος
827 946 1006 1014 Schlltuius.
1052 972 1080 1014 v.
1104 947 1171 1014 984
1193 945 1341 1014 δύστονα
1364 947 1407 1013 M.
1440 949 1579 1014 δίστουα
1602 946 1781 1016 Schtltzius.
1813 952 1936 1016 δίπουα

286 1054 501 1120 Hermannus.
546 1053 628 1120 Tum
655 1077 715 1140 pro
743 1049 905 1140 δμῶνυμα
931 1055 1016 1120 male
1044 1049 1212 1139 ὁμαίμονα
1235 1055 1383 1122 Weilius.
1430 1050 1593 1140 ὁμώνυμα
1621 1056 1720 1140 enim,
1753 1057 1773 1122 i.
1797 1079 1822 1122 e.
1851 1057 1937 1123 idem

285 1183 407 1226 nornen
429 1161 600 1246 habentes,
633 1162 783 1228 dicuntur
810 1185 905 1228 curae
929 1163 1006 1250 quia
1030 1185 1069 1256 er
1090 1161 1228 1228 fratrum
1252 1162 1403 1228 caedibus
1428 1166 1519 1228 orlac
1543 1167 1626 1228 sunt.
1672 1185 1701 1228 r.
1724 1163 1790 1228 985
1813 1165 1934 1250 δίυγρα

285 1264 476 1354 τριπάλτων
494 1264 655 1352 πημάτων
673 1268 717 1334 Μ.
731 1274 765 1334 et
779 1269 880 1336 schol.
909 1269 1060 1353 “δίυγρατ
1084 1270 1191 1348 ζῶντα
1213 1265 1346 1353 πήματα
1368 1264 1510 1354 χεόμενα
1532 1266 1588 1334 καὶ
1610 1265 1727 1334 πολλά.
1750 1267 1939 1356 τριπάλτων

289 1369 326 1438 δὲ
343 1371 514 1458 πημάτων,
534 1375 691 1459 σφοδρῶς
709 1372 941 1459 πηδησάντων.
969 1374 1124 1440 Variain
1142 1375 1293 1442 hocloco
1312 1377 1482 1442 tractando
1502 1377 1610 1442 conati
1633 1379 1709 1441 sunt
1731 1376 1937 1461 interpretes:

289 1480 409 1563 δίυγρα
423 1477 555 1565 πήματα
568 1479 750 1570 παλμάτων
764 1482 984 1568 Romaanus,
1007 1478 1113 1566 λυγρὰ
1139 1480 1323 1567 διτλάμουα
1346 1479 1479 1567 πήματα
1493 1481 1647 1568 Weilius,
1671 1479 1765 1566 διερά
1784 1480 1938 1567 πάλματα

287 1583 448 1671 πημάτων
476 1587 728 1656 Heimsoethius.
774 1585 837 1655 Sed
864 1589 948 1654 nihil
976 1589 1167 1654 mutandum
1195 1594 1253 1656 est.
1300 1587 1487 1655 Subiectum
1511 1591 1596 1655 enim
1620 1593 1670 1655 est
1697 1585 1816 1674 κήδεα;
1850 1591 1938 1675 geni·

287 1693 375 1760 tirus
402 1694 457 1780 qui
484 1695 630 1780 sequitur
655 1693 844 1782 τριπάλτων
871 1693 1032 1780 πημάτων
1060 1697 1112 1760 est
1138 1697 1286 1762 causalis.
1331 1695 1414 1762 Sunt
1440 1697 1542 1782 igitur
1569 1695 1716 1762 madidae
1745 1719 1839 1763 surae
1867 1698 1937 1762 ie.

289 1801 507 1887 aegritudines
530 1823 612 1886 quae
634 1804 787 1869 lacrimas
810 1808 956 1888 movent,
985 1825 1023 1870 ex
1045 1807 1096 1868 ter
1118 1803 1256 1868 vibratis
1282 1804 1302 1870 i.
1326 1826 1352 1870 e.
1375 1803 1670 1869 uehementissimis
1694 1804 1937 1870 calamitatibus

289 1910 389 1974 ortae.
412 1944 453 1956 -
478 1907 567 1985 Quae
589 1913 660 1976 turn
682 1911 717 1975 in
739 1910 834 1976 libris
857 1911 1011 1997 leguntur
1033 1948 1075 1956 —
1100 1905 1183 1976 ὀλοὰ
1208 1908 1330 1995 λέγειν·
1345 1949 1388 1958 -
1403 1905 1485 1977 tros
1511 1905 1543 1976 d’
1561 1905 1660 1996 ὁρῶν·
1684 1933 1722 1975 ex
1744 1933 1773 1976 v.
1788 1911 1854 1976 944
1876 1911 1938 1976 huc

290 2015 385 2080 illata
412 2015 480 2082 iure
509 2015 630 2083 delevit
652 2017 835 2084 Triclinius.
880 2017 1053 2104 Perperam
1076 2017 1283 2084 Hermannus
1305 2019 1340 2084 in
1363 2018 1499 2103 stropha
1522 2017 1849 2102 intercidisse-putat*
1864 2040 1939 2110 eun·

291 2121 363 2187 dem
385 2144 514 2189 versum
536 2145 639 2208 neque
662 2125 848 2209 probandus
872 2129 922 2190 est
944 2125 1082 2190 Weilius
1105 2125 1160 2211 qui
1183 2127 1260 2211 post
1281 2148 1309 2191 r.
1330 2125 1395 2190 970
1419 2125 1568 2190 lacunam
1592 2125 1709 2190 statuit
1732 2129 1765 2189 et
1787 2147 1869 2210 quae
1892 2126 1939 2191 ibi

290 2229 482 2316 legebantur
508 2232 609 2296 διπλᾶ
638 2229 747 2316 λέγειν
770 2270 814 2278 -
838 2235 939 2298 διπλᾶ
969 2228 1001 2298 δ’
1028 2227 1114 2319 ὁρᾶν
1141 2235 1217 2318 post
1243 2255 1272 2297 v.
1295 2231 1360 2298 972
1389 2231 1560 2297 collocarit
1586 2235 1713 2298 mutate
1735 2253 1813 2298 rooe
1838 2233 1938 2298 διπλᾶ
1964 2265 1968 2286 ι

292 2337 325 2402 in
348 2337 480 2421 δίδυμα.
526 2360 555 2404 r.
578 2339 643 2404 986
668 2334 707 2404 ίῶ
733 2340 890 2406 omissum
912 2341 947 2406 in
969 2339 1013 2405 Μ.
1049 2335 1086 2406 τὸ
1113 2336 1287 2424 ἐφύμνιον.
1310 2341 1415 2410 ταῦτα
1438 2335 1476 2404 δὲ
1498 2337 1585 2422 λέγει
1609 2333 1654 2416 ῶς
1677 2337 1804 2424 βαρέως
1827 2338 1940 2426 φέρων

291 2443 389 2510 schol.
424 2443 478 2509 Ex
495 2445 666 2530 participio
686 2449 794 2511 autem
817 2469 881 2532 quo
903 2470 981 2514 usus
1000 2451 1051 2513 est
1068 2446 1259 2514 scholiastes
1282 2446 1483 2531 intellegitur
1506 2468 1577 2511 eum
1601 2445 1778 2531 ephymnia
1801 2469 1821 2511 a
1840 2443 1939 2513 choro
2017 2527 2020 2534 Ι

290 2553 423 2615 cantate
446 2550 597 2617 voluisse.
1208 2564 1209 2568 ’

1040 2637 1194 2730 Ἐπῳδός.

716 2789 778 2850 ΙΣ.
824 2783 867 2852 σύ
890 2788 945 2852 τοί
965 2809 1022 2852 νιν
1046 2779 1148 2850 οἶσθα
1172 2785 1351 2868 διαπερῶν,
1464 2800 1516 2850 999

716 2896 792 2957 ΑΝ.
823 2889 866 2958 σὺ
891 2889 923 2957 δ’
950 2887 1051 2958 οὐδὲν
1075 2887 1214 2978 ὕστερος
1235 2887 1368 2975 μαθῶν,

717 3003 778 3066 ΙΣ.
824 2998 893 3066 ἐπεὶ
916 2995 1089 3084 κατῆλθες
1104 2999 1135 3076 ἐς
1158 2995 1269 3081 πόλιν,

717 3111 793 3172 ΑΝ.
823 3103 924 3192 δορός
946 3130 983 3190 γε
1006 3101 1086 3196 τῷδ’
1113 3101 1302 3192 ἀντηρέτας.

715 3216 777 3278 ΙΣ.
823 3209 881 3296 ίῶ,
905 3207 944 3278 ίῶ
969 3208 1171 3296 δυσπότμων
1193 3213 1305 3277 κακῶν
1327 3205 1426 3288 άναξ·

717 3324 795 3385 AN.
825 3316 877 3402 ίῶ,
901 3315 940 3386 lui
965 3316 1125 3404 πημάτων
1149 3314 1327 3406 άρχαγέτα·
1462 3333 1514 3383 995

717 3431 778 3492 ΙΣ.
824 3423 863 3492 ίῶ
888 3425 1024 3492 πάντων
1046 3421 1348 3491 πολυστονώτατοι·
1501 3411 1507 3425 ’

719 3537 794 3599 ΑΝ.
825 3529 882 3618 lai,
906 3529 945 3599 ίῶ
971 3533 1197 3618 δαιμονῶντες
1215 3527 1293 3620 drot·

719 3646 787 3706 XO.
825 3637 882 3724 ίῶ,
906 3636 945 3706 ίῶ
970 3643 1036 3706 ποῦ
1060 3657 1124 3724 σφε
1146 3636 1298 3723 θήσομεν
1321 3633 1461 3722 χθονάςς

825 3744 865 3814 ίῶ
889 3749 955 3814 ποῦ
978 3743 1175 3832 τιμιῶτατον
1199 3743 1311 3832 μίροςς

825 3850 881 3938 lei,
906 3849 946 3920 ίῶ
971 3855 1060 3938 σῆμα
1082 3849 1180 3938 πατρὶ
1204 3848 1381 3938 πάρευνον.
1447 3867 1516 3920 1099

295 4075 325 4118 v.
348 4051 504 4120 seo-v.
527 4053 601 4120 993.
624 4051 648 4118 l.
671 4051 721 4118 'I'u
744 4051 873 4137 quidem
896 4073 969 4116 eam
992 4049 1174 4136 cognovisti
1197 4049 1278 4113 bene
1302 4051 1467 4132 expertus,
1490 4047 1528 4113 A.
1551 4053 1588 4113 tu
1610 4071 1685 4115 vero
1708 4048 1813 4115 nihilo
1837 4049 1939 4114 serius

295 4160 442 4244 edoctus,
463 4159 488 4227 l.
512 4183 585 4226 cum
607 4159 756 4226 rediisses
779 4159 863 4224 hanc
886 4159 921 4222 in
943 4157 1066 4222 urbem.
1093 4155 1133 4221 A.
1156 4178 1228 4220 cum
1250 4155 1285 4220 in
1307 4173 1419 4240 pugna
1436 4154 1512 4219 huic
1531 4155 1731 4222 adversarius
1751 4157 1943 4221 exstitisses.

296 4289 325 4331 r.
348 4267 414 4332 990
441 4263 484 4332 σὺ
506 4270 624 4333 τοίνυν
652 4265 695 4332 Μ.
740 4289 791 4351 γρ.
814 4268 870 4330 νίν
898 4263 1098 4348 adscriptum
1124 4263 1158 4328 in
1185 4261 1258 4328 Par.
1281 4261 1318 4327 B.
1351 4263 1418 4326 ’τοί
1437 4285 1494 4326 νιν
1516 4261 1722 4328 Hermenuus
1745 4262 1886 4328 correxit
1908 4261 1941 4327 id

297 4374 381 4458 qnod
405 4377 504 4442 etiarn
529 4374 724 4441 scholiastae
746 4374 903 4459 legerunt.
926 4407 966 4420 -
992 4369 1137 4436 Verbum
1161 4370 1328 4454 διαπερῶν
1351 4369 1585 4452 interpretatus
1608 4371 1658 4434 est
1680 4366 1843 4434 Stes-laius
1867 4367 1943 4434 ‘tra-

295 4481 407 4547 iiciens
435 4505 475 4548 ex
497 4481 720 4566 Peloponneso
748 4479 790 4546 ad
816 4478 891 4546 noe'
921 4484 954 4544 et
980 4478 1030 4544 ita
1052 4475 1221 4544 Sohlitaius
1244 4476 1278 4542 id
1300 4475 1448 4562 intellegi
1470 4475 1541 4540 vult
1564 4474 1604 4540 de
1626 4473 1792 4559 Polynicis
1816 4474 1942 4560 expedi·

295 4588 384 4654 tione
408 4592 521 4656 eontra
538 4588 712 4655 Thebanos
734 4586 832 4652 facte.
874 4585 937 4652 Sed
960 4607 1033 4650 cum
1056 4585 1195 4650 molesta
1217 4583 1291 4648 inde
1314 4587 1467 4648 nascatur
1488 4582 1672 4666 tautologia
1689 4581 1943 4666 scholiastesque

296 4693 417 4761 habeat
439 4689 559 4778 διαβάς
582 4689 700 4778 αὐτὴν,
723 4694 888 4777 διαπερᾶν
910 4692 964 4758 hio
988 4691 1170 4777 significare
1194 4689 1391 4774 ‘potentiam
1413 4689 1534 4756 Pareae
1558 4688 1711 4774 experiri'
1735 4687 1943 4762 manifestum

297 4805 355 4866 est.
402 4800 560 4866 Similiter
583 4801 746 4889 διαπερῶν
768 4802 845 4884 βίον
869 4799 989 4886 legitur
1011 4797 1089 4864 Eur.
1111 4796 1153 4865 IL
1175 4796 1196 4862 f.
1210 4797 1286 4863 504.
1330 4819 1359 4862 v.
1373 4796 1436 4862 991
1462 4790 1603 4883 ὕστεροσ
1625 4794 1670 4861 Μ.
1691 4787 1834 4880 ὕστερον
1856 4793 1944 4878 Lips.

296 4908 394 4974 Turn.
439 4931 468 4974 v.
491 4908 556 4973 992
579 4907 812 4996 κατέρχεσθαι,
837 4907 877 4974 ab
902 4906 1015 4972 exsilio
1038 4905 1150 4971 redire,
1196 4905 1235 4969 cf.
1258 4907 1320 4990 Ag.
1345 4903 1428 4970 1647
1466 4900 1589 4968 chae
1623 4901 1719 4968 Eum.
1742 4902 1810 4967 462
1845 4899 1944 4984 Soph.

298 5017 374 5082 Ant.
397 5015 463 5080 200
487 5007 524 5092 ὃς
539 5055 581 5062 -
596 5011 706 5100 φυγάς
728 5009 910 5081 amatoria.
952 5007 1289 5096 assentiebar,
1314 5009 1599 5112 superescripto
1623 5027 1648 5073 Η
1670 5007 1714 5075 Μ.
1759 5003 1944 5093 άυτηρέτην
