4586 5668
1054 329 1272 394 -10...

339 505 434 573 κακοί.
467 547 510 554 ·—
543 506 605 573 Sed
627 508 787 593 reperitur
810 506 915 592 ῥέζειν
938 509 1038 574 etiem
1060 528 1133 573 cum
1157 507 1267 572 dativo
1289 529 1448 592 personae
1470 511 1690 576 constructum
1712 508 1749 574 in
1769 507 1883 594 llurip.
1904 507 1988 574 Med.

340 639 368 681 v.
385 617 470 682 1292
493 611 557 682 ὅσα
579 619 713 700 βροτοῖς
736 613 848 700 ἔρεξας
869 611 935 699 ἤδη
959 609 1043 678 κακό
1068 618 1196 679 etcum
1219 613 1330 680 dativo
1353 619 1482 680 etcum
1504 616 1689 682 accusativo
1712 617 1920 682 coniunctum
1938 621 1989 681 est

340 733 449 788 ποιεῖν
472 746 492 790 a
513 723 660 807 Xenoph.
683 723 719 788 in
741 723 847 787 Aneb.
869 721 910 806 V,
933 722 968 806 8,
991 722 1034 786 24
1062 717 1170 809 τούτῳ
1197 716 1359 786 τόναντία
1386 719 1539 806 ποιήσετε
1566 715 1588 805 ἢ
1615 719 1695 800 τοὺς
1716 719 1822 800 κύνας
1843 723 1987 788 ποιοῦσι.

340 831 447 908 Quare
470 831 602 896 dubium
625 853 696 896 esse
718 852 785 895 uon
803 833 926 914 potest,
949 829 1029 914 quin
1046 829 1082 892 iu
1099 827 1144 894 M.
1161 831 1311 906 πολίταις
1333 831 1421 893 recte
1443 828 1600 912 scriptum
1623 829 1675 894 sit.
1688 866 1733 878 —
1750 852 1780 894 τ.
1794 829 1860 896 925
1883 827 1988 908 ξένων

339 961 375 1004 τε
397 937 441 1004 ll
464 935 502 1004 δὲ
524 935 648 1002 Par.B
682 937 768 1023 quod
790 936 912 1020 recepit
934 933 1130 1020 Branchus,
1152 956 1226 1000 cum
1249 930 1312 1020 plu
1333 935 1610 1021 praegrederetur.
1655 934 1719 1002 Sed
1740 938 1861 1002 transit
1882 937 1989 1002 ontio

341 1067 360 1110 a
383 1044 595 1110 disiunctione
620 1044 662 1109 ed
684 1044 951 1110 coniunctionem.
988 1043 1028 1108 ei.
1050 1042 1160 1108 Herm.
1184 1043 1224 1108 ad
1246 1046 1395 1108 nostrum
1418 1043 1525 1110 locum
1548 1049 1582 1109 et
1604 1043 1646 1110 ad
1659 1043 1734 1130 vig.
1748 1066 1779 1128 p.
1793 1045 1868 1111 841.
1899 1043 1987 1122 ξένοι

340 1156 417 1217 suut
439 1151 549 1218 hostes
574 1151 690 1237 Argivi
713 1151 769 1236 qui
791 1155 905 1215 contra
927 1149 1100 1215 Thebanos
1124 1149 1263 1235 profecti
1285 1153 1388 1215 erant
1412 1188 1454 1198 -
1478 1149 1583 1229 ξένων
1604 1146 1635 1215 τ’
1662 1150 1695 1229 ἐς
1718 1149 1756 1217 G.
1771 1150 1837 1216 vit.
1870 1150 1988 1228 Quam-

341 1281 439 1344 quam
462 1259 574 1344 ἔρδειν
595 1282 626 1322 τι
642 1264 698 1335 ἐίς
720 1281 795 1322 τινα
817 1256 882 1322 dici
903 1261 1013 1342 potest
1036 1254 1092 1342 (cf.
1113 1256 1231 1322 Matth.
1248 1254 1304 1322 Gr.
1322 1257 1424 1337 §415
1445 1259 1513 1322 not.
1526 1257 1563 1343 2)
1585 1261 1696 1323 tamen
1717 1257 1780 1324 hoc
1802 1259 1874 1324 loco
1897 1281 1989 1342 piae-

339 1366 534 1449 positionem
571 1385 610 1429 ex
646 1363 934 1448 interpretamento
971 1364 1177 1450 grammatici
1213 1363 1348 1428 alicuius
1381 1367 1488 1428 ortam
1520 1385 1590 1430 esse
1622 1369 1766 1450 apparet.
1793 1401 1838 1414 —
1869 1387 1899 1430 v.
1921 1365 1988 1430 926

236 1495 239 1502 ·
339 1469 582 1557 πολυφθόρους
604 1471 681 1536 licet
703 1472 744 1536 ad
767 1473 879 1556 στίχας
901 1470 1065 1536 rettulerit
1087 1469 1186 1536 schol.
1204 1469 1248 1535 m
1272 1464 1369 1553 “μετόι
1388 1471 1524 1555 φθορᾶς
1542 1468 1734 1556 ἐλδούσας’,
1755 1477 1867 1537 tamen
1884 1493 1989 1557 neque

341 1583 503 1644 structura
525 1599 630 1664 neque
652 1579 785 1644 notione
804 1579 892 1644 vocis
910 1576 1104 1662 impedimur
1121 1577 1294 1663 quominus
1312 1597 1371 1662 per
1389 1576 1631 1643 anacoluthiam
1649 1579 1748 1644 istum
1769 1581 1989 1646 accusativum

340 1708 413 1751 cum
441 1688 590 1763 πολίταις
617 1685 824 1750 coniunctum
852 1707 922 1750 esse
945 1683 1186 1751 contendamus.
1226 1683 1266 1749 cf.
1289 1683 1406 1749 Aesch.
1428 1683 1534 1749 Proin.
1559 1686 1623 1750 144
1645 1681 1774 1771 φοβερὰ
1799 1681 1843 1751 δ’·
1858 1686 1989 1770 ἐμοῖσιν

340 1788 454 1870 ὄσσοις
482 1787 600 1877 ὁμίχλη
627 1791 772 1878 προσῇξε
794 1789 922 1877 πλήρης
944 1787 1114 1877 δακρύων,
1137 1786 1201 1857 σόν
1224 1789 1326 1876 δέμας
1348 1791 1543 1856 εἰσιδοῦσαν
1565 1829 1609 1837 -
1639 1789 1717 1858 Cho.
1740 1793 1807 1860 405
1829 1791 1988 1859 πέπαλται

341 1895 374 1963 δ’
400 1888 482 1964 αὖτέ
506 1922 562 1984 μοι
589 1902 692 1984 φίλον
719 1897 799 1984 κεάρ
828 1893 964 1984 οἰκτρόν
985 1895 1087 1964 τόνδε
1108 1896 1280 1966 κλύουσαν
1304 1893 1426 1964 οἶκτον.
1450 1937 1493 1944 -
1517 1897 1615 1984 Soph.
1638 1899 1760 1966 Electr.
1782 1902 1848 1966 419
1872 1897 1992 1968 ὕπεστί

340 2028 397 2090 μοι
418 2003 549 2090 θύρσος
571 2001 756 2072 ἁδυπνόων
779 2001 951 2070 κλύουσαν
973 1999 1096 2090 όρτίως
1118 2001 1311 2092 όνειρύτων.
1339 2044 1383 2052 -
1412 2005 1527 2072 licon
1550 2007 1614 2072 477
1643 2001 1664 2090 ἡ
1688 2004 1908 2093 πολύφθορος
1932 2011 1989 2073 Ολ-

339 2116 438 2198 χαλία
460 2152 504 2160 -
526 2112 647 2181 Electr.
664 2115 706 2180 10
723 2109 948 2198 πολύφθορόν
965 2135 1000 2180 τε
1019 2113 1115 2198 δῶμα
1133 2115 1335 2180 Πελοπιδῶν
1353 2111 1431 2181 τόδε
1451 2153 1493 2160 -
1517 2113 1554 2180 ἐν
1577 2115 1637 2179 δαῒ
1653 2152 1697 2160 -
1714 2114 1890 2182 Homerica
1912 2139 1989 2184 voce

340 2243 417 2287 usus
440 2226 492 2288 est
513 2227 619 2308 poeta
654 2223 692 2288 cf.
716 2221 754 2288 ll.
780 2221 830 2306 13,
853 2221 919 2286 256
942 2216 1064 2306 ἀρᾶται
1088 2219 1125 2287 δὲ
1147 2219 1286 2308 τάχιστα
1308 2219 1486 2306 μιγήμεναι
1509 2220 1546 2287 ἐν
1569 2222 1629 2286 δαῒ
1649 2223 1766 2308 λυγρῇ.
1799 2224 1850 2309 14,
1863 2224 1927 2289 387
1951 2223 1990 2289 ἐν

341 2329 400 2393 δαῒ
420 2329 590 2415 λευγαλέη.
633 2329 687 2414 24,
710 2329 774 2394 ’139
797 2327 834 2394 ἐν
858 2329 917 2393 δαί
938 2330 1054 2416 λυγρῇ.
1077 2367 1120 2376 -
1145 2353 1173 2396 τ.
1196 2331 1260 2395 921
1274 2365 1311 2376 -
1324 2352 1354 2395 τ.
1376 2329 1442 2394 933
1465 2327 1583 2394 Infelix
1605 2334 1657 2395 est
1679 2351 1762 2414 quae
1785 2351 1841 2396 eos
1862 2331 1989 2415 peperit

340 2441 446 2503 meter
467 2459 545 2522 prae
569 2436 718 2502 ommlms
741 2436 931 2502 mulieribus
955 2459 1038 2522 quse
1060 2441 1173 2522 partus
1196 2437 1312 2503 enixae
1335 2438 1423 2502 sunt:
1445 2457 1524 2500 nam
1547 2458 1642 2502 suum
1663 2437 1767 2521 ipsius
1789 2437 1892 2503 filium
1916 2458 1989 2504 cum

340 2543 494 2609 maritum
518 2543 582 2608 sibi
606 2541 806 2608 adiunxisset
827 2541 926 2608 hosce
949 2542 1084 2627 peperit
1127 2541 1156 2607 li
1179 2547 1289 2610 autem
1311 2543 1559 2628 consanguineis
1583 2543 1734 2608 manibus
1757 2549 1871 2613 mutuo
1893 2546 1990 2614 caede

341 2648 429 2716 facta
451 2650 553 2714 vitam
576 2651 829 2716 amiserunt-
855 2671 885 2714 v.
907 2649 972 2714 927
997 2650 1193 2734 δυσδαίμων
1216 2667 1299 2735 σφιν
1321 2644 1343 2734 η’
1366 2651 1510 2716 τεκοῦσα
1532 2648 1576 2715 Μ.
1598 2671 1672 2716 cum
1695 2651 1816 2718 lineola
1837 2653 1988 2737 praelixa

341 2751 382 2821 λιό
407 2757 557 2822 δυσαίων
579 2754 775 2823 Dindortius.
822 2753 1053 2840 δυσδαίμονιίς
1073 2752 1132 2842 σφ’
1158 2753 1179 2822 ἆ
1203 2758 1346 2823 τεκοῦσα
1367 2757 1584 2822 Hermanuus.
1625 2755 1823 2824 Scholiastes
1846 2761 1915 2826 cod.
1937 2759 1991 2844 M„

341 2865 396 2948 qui
420 2865 630 2948 doodoc'pov:
654 2859 706 2929 ότι
729 2859 772 2929 δν
795 2865 905 2928 ἔτεκεν
927 2859 1039 2948 ἄνδρα
1061 2866 1157 2948 ἔσχεν
1180 2864 1422 2948 iuterpretatur,
1446 2863 1572 2929 videtur
1594 2861 1754 2949 δυσύνωρ
1776 2865 1904 2951 legisse.
1950 2867 1990 2932 cf.

342 2969 456 3056 Suppl.
482 2973 566 3038 1064
588 2968 698 3056 γόμον
722 2967 903 3057 δυσάνορα.
931 3008 974 3016 -
1001 2965 1023 3034 ἆ
1048 2972 1189 3036 τεκοῦσα
1211 2967 1320 3056 μα’τηρ
1339 3001 1382 3024 =
1399 2970 1537 3037 Iocasta
1565 3007 1608 3016 -
1634 2973 1812 3056 προπασᾶν
1838 2995 1887 3058 pr.
1909 2995 1989 3058 προ-

340 3081 460 3146 αασόν
482 3101 544 3145 sec.
567 3078 610 3144 M.
640 3075 705 3164 πρὸ
730 3079 842 3166 πασᾶν
865 3077 962 3144 Dind.
993 3077 1014 3144 i.
1037 3099 1064 3144 ο.
1087 3077 1248 3144 infelicior
1271 3100 1368 3163 quam
1391 3100 1502 3145 omnes
1525 3077 1687 3144 mulieres.
1731 3077 1770 3144 cl
1793 3079 1912 3146 Matth.
1935 3079 1990 3148 Gr.

342 3187 451 3267 5575.
476 3223 514 3234 -
540 3209 569 3252 v.
583 3186 650 3252 930
671 3187 862 3270 κέκληνται,
886 3190 919 3251 ct
941 3186 1149 3251 nominantur
1171 3191 1205 3250 et
1227 3191 1311 3252 sunt
1343 3186 1384 3251 cf.
1406 3186 1493 3251 Pers.
1516 3187 1537 3250 2
1559 3181 1640 3251 τόδε
1654 3223 1697 3232 -
1711 3183 1810 3252 πιστὰ
1833 3193 1989 3254 καλεῖται.

342 3293 408 3358 242
440 3289 574 3372 οὔτινος
601 3295 719 3360 δοῦλοι
748 3294 923 3378 κέκληνται
945 3288 1058 3377 φωτὸς
1080 3287 1156 3358 οὐδ’
1182 3287 1335 3378 ὑπήκοοι.
1367 3331 1410 3339 -
1442 3315 1471 3358 v.
1494 3291 1557 3358 931
1591 3293 1695 3357 παῖδα
1726 3289 1788 3359 τόν
1820 3288 1924 3373 αὑτᾶς
1945 3333 1989 3342 -

342 3409 511 3494 Oedipum.
539 3401 647 3475 αύτοῗσ
668 3409 712 3475 Μ.
735 3413 852 3496 spiritu
876 3433 979 3477 eroso.
1005 3446 1048 3457 -
1076 3403 1176 3474 αὑτᾶι
1199 3408 1242 3474 Μ.
1265 3447 1309 3456 -
1331 3403 1447 3474 τούσδ’
1473 3404 1555 3494 ἔτεχ’
1581 3447 1624 3455 -
1647 3409 1815 3477 Eteoclem
1838 3417 1872 3477 et
1893 3411 1990 3496 Poly-

341 3524 457 3589 nicem.
480 3555 520 3564 —
545 3541 575 3583 τ.
598 3517 663 3582 934
687 3515 904 3585 ἐτελεύτᾶσαν
927 3515 984 3584 ὑπ’
1011 3513 1222 3602 όλλᾶφόνοισ
1244 3515 1288 3582 Μ.

675 3728 744 3794 στρ.
768 3706 807 3774 δ’.
1486 3702 1632 3794 ύυτιστρ.
1656 3706 1696 3775 δ’.

345 3840 426 3902 ΗΜ.
439 3841 479 3900 A.
503 3829 689 3922 ὁμόσποροι
713 3835 797 3918 δῆτα
819 3831 875 3898 καί
893 3830 1107 3918 πανώλεθροι
1192 3836 1275 3898 HM.
1288 3839 1328 3898 A.
1351 3835 1463 3918 ἔχουσι
1482 3844 1604 3919 μοῖραν
1626 3830 1798 3918 λαχόντες,
1821 3825 1848 3902 ol
1867 3837 1988 3922 με’λεοι,

501 3944 675 4027 διατομαῖς
696 3937 843 4026 ἀφίλοις,
1086 3957 1139 4006 935
1353 3938 1519 4011 διοδότων
1541 3937 1665 4026 ἀχέων·

500 4051 586 4134 ἔριδι
609 4047 805 4136 μαινομένᾳ,
1352 4042 1418 4114 ὑπὸ
1443 4045 1481 4114 δὲ
1504 4045 1631 4132 σοίματι
1654 4049 1716 4132 γᾶς

501 4159 627 4235 νείκεος
650 4157 687 4223 ἐν
710 4157 854 4241 τελευτᾷ.
1351 4157 1495 4233 πλοῦτος
1517 4151 1665 4238 ἄβυσσος
1687 4158 1787 4221 ἔσται.
1937 4168 1990 4217 sto

342 4267 423 4328 HM.
439 4267 476 4328 Β.
499 4261 661 4328 πέπαυται
684 4257 717 4327 δ’
743 4265 857 4347 ἔχθος,
881 4261 918 4326 ἐν
942 4259 979 4327 δὲ
1002 4265 1081 4348 γαίᾳ
1192 4264 1274 4326 ΗΜ.
1290 4266 1326 4326 Β.
1350 4257 1390 4327 toi
1414 4267 1551 4339 πολλοῖς
1573 4261 1814 4337 ἐπανθίσαντες

502 4368 559 4449 ξόα
582 4367 761 4459 φονορύτῳ
1351 4365 1487 4434 πόνοισι
1510 4366 1644 4452 γενεύν·

501 4476 665 4562 μέμικται·
688 4475 794 4564 κόρτα
809 4471 841 4541 δ’
854 4471 916 4542 είσ’
928 4471 1075 4559 ὅμαιμοι.
1085 4491 1138 4540 940
1351 4477 1486 4562 τελευτᾷ
1510 4471 1542 4541 δ’
1568 4461 1636 4540 αἵδ’
1662 4471 1871 4558 ἐπηλάλαξαν

501 4580 619 4668 πικρός
641 4581 745 4670 λυτὴρ
767 4583 904 4650 νεικέων
1349 4577 1440 4668 ’Apol
1463 4579 1524 4648 τὸν
1547 4579 1630 4662 ὀξύν
1652 4579 1771 4668 νόμον,

502 4685 521 4756 ό
544 4687 680 4769 πόντιος
707 4691 814 4770 ξεῖνος
836 4691 872 4757 ἐκ
894 4685 1000 4777 πυρὸς
1022 4689 1140 4767 συθείς
1351 4689 1577 4774 τετραμμένου
1607 4685 1787 4779 παντρόπῳ
1816 4689 1909 4776 φυγᾷ
1936 4688 1988 4773 γε’-

501 4793 627 4882 θηκτδς
658 4800 807 4882 σίδαρος·
843 4795 961 4884 πικρὸς
992 4795 1028 4862 δὲ
1061 4822 1137 4882 χρη·
1776 4821 1866 4874 νους.
1937 4811 1990 4861 sot

926 4902 1041 4990 μότων
1352 4903 1465 4969 ἕστακε
1481 4899 1513 4970 δ’
1524 4899 1621 4981 ’Ἄτας
1634 4916 1797 4989 τροπαῖον
1811 4905 1848 4969 lo
1858 4897 1988 4982 πύλαις,
