4586 5668
1025 414 1227 480 .,,,

306 595 348 658 ab
372 591 474 659 altero
498 589 697 658 hemichorio
722 593 787 658 alia
810 592 1047 678 significatione
1070 595 1245 676 usurpatur
1268 596 1365 678 atque
1379 593 1423 658 in
1445 593 1551 678 priore
1575 615 1669 659 versu
1692 593 1873 659 adhibitum
1898 597 1956 676 est,

306 700 364 766 ubi
387 699 511 784 spectat
534 697 574 762 sd
597 697 699 764 frates
721 699 800 764 ferri
822 699 890 764 ictu
911 701 1102 783 prostratos.
1125 696 1224 775 ‘Sunt
1242 699 1328 764 enim
1348 699 1547 766 ‘sortitiones
1567 699 1643 765 ferri
1662 701 1728 766 ictu
1748 699 1956 767 affected.-

309 795 369 872 οἷδ’
394 807 529 890 ἔχουσιν
552 804 599 868 sic
622 826 657 870 se
680 804 803 871 habeut
821 835 863 860 =-··
882 805 931 870 ita
952 805 1067 872 iacent
1096 842 1139 850 —
1171 803 1310 888 μένουσι
1333 804 1376 872 M.
1403 843 1446 852 -
1478 805 1560 872 Post
1586 805 1672 874 hunc
1699 830 1829 873 versum
1855 809 1889 874 in
1914 807 1957 872 M.

307 915 459 998 leguntur
480 909 674 996 τετυμμένοι
698 906 780 996 δῆθ’
807 906 894 996 ὁμοῦ
922 932 961 976 ex
983 933 1012 977 v.
1036 911 1102 978 890
1123 913 1186 978 huc
1209 912 1308 977 illata.
1335 950 1380 959 -
1407 935 1436 978 r.
1460 913 1526 980 914
1553 918 1654 999 λαχαί
1674 914 1717 980 Μ
1754 914 1791 979 αἱ
1817 917 1956 999 σκαφαί·

307 1013 380 1104 (ιός)
403 1014 442 1084 τὸ
466 1014 595 1102 ’φυτὸν
618 1013 877 1104 άμφελάχαινεν.
910 1018 1010 1084 schol.
1032 1018 1277 1103 Paroxytonum
1301 1020 1387 1104 apud
1409 1019 1609 1106 Hesychium
1633 1019 1730 1106 λάχη·
1753 1020 1853 1106 λῆξις.
1877 1017 1957 1087 άτιο-

306 1122 480 1211 κλήρωσις.
494 1162 538 1172 -
561 1120 726 1215 πατρῴων
748 1121 866 1212 τάφων
889 1128 1002 1211 λαχαί,
1025 1126 1154 1211 paterni
1177 1126 1317 1211 sepulcri
1341 1131 1446 1192 sortes
1469 1127 1490 1192 i.
1505 1147 1530 1192 c.
1552 1128 1788 1213 periphrastice
1810 1131 1957 1218 πατρῷοι

307 1227 426 1316 τάφοι,
449 1235 486 1297 ut
508 1254 605 1318 supra
627 1229 781 1298 θανάτου
803 1230 904 1310 τέλος.
941 1231 1063 1317 Aperte
1080 1232 1182 1316 igitur
1196 1233 1370 1318 Oedipodis
1389 1235 1574 1318 sepulcrum
1592 1233 1714 1302 Thebis
1738 1235 1838 1301 fuisse
1861 1240 1959 1321 poeta

310 1338 396 1404 dicit.
442 1337 482 1403 cf.
505 1339 590 1404 infra
613 1362 641 1406 r.
668 1339 762 1405 1000.
807 1339 903 1406 Hom.
926 1339 964 1406 Ι1.
988 1339 1040 1424 23,
1063 1339 1137 1404 679.
1161 1377 1203 1386 -—
1228 1359 1256 1404 v.
1279 1339 1437 1406 alt-v.
1461 1342 1535 1408 920.
1562 1341 1601 1406 Α.
1625 1343 1719 1407 valde
1742 1343 1871 1408 ululans
1895 1365 1958 1408 ror

309 1445 437 1509 aedium
461 1466 515 1510 eos
539 1446 755 1531 prosequitur,
778 1447 922 1512 animum
944 1445 1088 1512 lacerans
1110 1447 1314 1531 lamentatio,
1338 1448 1469 1532 propria
1491 1449 1579 1514 mala
1601 1470 1747 1534 gemens,
1771 1449 1957 1515 domesticis

311 1551 406 1616 malis
429 1551 579 1631 excitata,
601 1553 749 1638 luctifica,
771 1553 931 1618 laetitiam
953 1575 1021 1618 non
1043 1575 1156 1618 amans
1180 1552 1214 1638 (i.
1237 1575 1263 1618 e.
1286 1551 1504 1642 tristissima),
1535 1577 1628 1620 veras
1652 1556 1801 1621 lacrimas
1823 1577 1958 1621 movens

309 1681 347 1722 cr
376 1659 498 1742 animo,
531 1659 586 1744 qui
613 1659 742 1742 quidem
770 1659 849 1724 mihi
876 1657 1017 1724 tabescit
1043 1660 1181 1725 istorum
1205 1659 1341 1726 duorum
1364 1682 1475 1746 regum
1498 1661 1707 1728 illacrimanti
1730 1663 1890 1728 caedibus.
1914 1699 1956 1710 —

309 1788 337 1830 r.
361 1761 570 1850 915“δόμων
597 1761 674 1850 μάλ’
700 1750 848 1851 άχάεσσα
869 1762 953 1831 τούσ
975 1764 1158 1851 προπέμπει
1181 1765 1225 1830 M.
1261 1761 1339 1850 μάλ’
1365 1761 1434 1851 ἠχώ
1463 1763 1514 1833 ἐπ’
1539 1764 1667 1834 αύτοὺσ
1689 1769 1723 1834 in
1747 1770 1892 1856 margine
1914 1768 1959 1835 M.

309 1868 425 1956 δόμων
452 1869 530 1956 μάλ’
557 1867 643 1956 άχάν
674 1872 706 1950 ἐς
733 1862 794 1950 σύς
820 1871 1003 1959 προπέμπει
1031 1872 1216 1939 Elmsleius.
1261 1868 1397 1958 άχάεσσ’
1429 1869 1464 1938 iol
1497 1876 1569 1941 coll.
1599 1875 1688 1941 Pers.
1711 1875 1777 1942 936
1809 1875 1959 1958 Weilius‚

309 1979 412 2044 eiecta
439 2001 517 2054 voce
546 1975 662 2064 δόμων
691 2002 788 2065 ρωποι
815 1983 914 2064 prout
941 1979 1064 2045 variam
1091 1978 1262 2045 lectionem
1291 1980 1331 2044 ad
1357 1977 1477 2064 τάφων
1504 1981 1538 2046 in
1562 1983 1762 2048 antecedenti
1786 2005 1881 2048 versu
1904 1981 1958 2046 ad-

311 2085 465 2170 scriptam
488 2085 587 2151 fuisse
610 2089 706 2171 putat
727 2085 872 2151 Prienus.
916 2085 998 2151 Post
1020 2081 1055 2149 ld
1079 2085 1191 2170 posuit
1213 2083 1329 2170 δόμων
1351 2085 1573 2172 Westphalus.
1600 2125 1637 2135 -
1663 2085 1779 2173 δόμων
1801 2089 1822 2153 i.
1847 2109 1872 2152 e.
1895 2109 1958 2153 vox

311 2213 393 2276 quae
417 2213 455 2256 ex
479 2191 611 2258 aedibus
634 2192 795 2258 emittitur
817 2195 851 2257 et
873 2193 919 2258 sic
942 2193 1007 2257 iam
1023 2189 1170 2257 Gasclius
1186 2191 1240 2258 ‘ex
1260 2193 1392 2259 aedibus
1411 2215 1544 2280 gravem
1563 2217 1679 2260 sonum
1697 2195 1732 2260 in
1751 2216 1807 2259 eos
1831 2195 1959 2259 emittet

311 2297 482 2364 rrdnerans
505 2298 678 2382 ploratus'.
692 2335 734 2346 -
758 2321 787 2364 v.
801 2299 866 2364 916
890 2299 1046 2384 δαΐφρων
1071 2293 1102 2363 δ’
1119 2297 1161 2364 M
1185 2296 1361 2385 δαϊόφρων
1383 2299 1598 2366 Hermannus.
1640 2300 1796 2368 Similiter
1818 2300 1959 2366 formata

310 2407 387 2470 sunt
413 2400 817 2497 οόίεούτοράμανόφρων,
846 2401 1052 2491 δολιόφρων,
1081 2401 1259 2490 ω’μόφρων.
1306 2406 1399 2484 Quod
1428 2407 1469 2472 ad
1496 2409 1558 2474 hoc
1585 2408 1779 2473 vocabulum
1802 2407 1959 2472 traditum

310 2514 360 2576 est
382 2509 540 2576 scholium
564 2509 704 2592 ’δαΐζων
726 2507 786 2590 τάς
809 2510 951 2597 φρένας’
978 2512 1139 2597 pertinere
1168 2513 1294 2578 videtur
1321 2513 1360 2579 ad
1389 2509 1528 2600 δαϊκτὴρ
1557 2513 1642 2600 quod
1669 2514 1705 2580 in
1732 2514 1840 2599 priore
1864 2535 1958 2578 versu

310 2621 368 2682 est
414 2615 500 2683 Nam
523 2614 700 2704 δαϊόφρων
722 2641 743 2684 a
765 2613 862 2695 δάιός
884 2618 1095 2685 derivandum
1119 2623 1181 2704 est,
1213 2642 1280 2686 non
1303 2643 1323 2686 a
1346 2622 1445 2688 verbo
1469 2623 1605 2705 δαΐζειυ,
1628 2642 1728 2706 quare
1749 2625 1836 2686 recte
1859 2619 1959 2685 schol.

309 2725 345 2790 B.
369 2722 525 2808 πολέμιος
547 2735 619 2802 ταῖς
642 2722 750 2810 φρεσὶ.
774 2763 817 2770 -
841 2720 895 2808 ού,
918 2727 1040 2792 omisso
1065 2721 1110 2808 d’,
1134 2726 1247 2792 Aldus.
1293 2722 1483 2812 φιλομαθὴς
1506 2728 1616 2793 dorica
1637 2727 1757 2810 forma,
1780 2749 1840 2810 pro
1863 2731 1958 2810 φιλο-

310 2827 427 2914 γαθής.
473 2831 511 2898 cf.
535 2829 615 2898 cho.
638 2832 701 2898 801
726 2833 945 2916 πλουτογαθῆ
968 2830 1085 2918 μυχόν.
1110 2871 1152 2879 —-
1176 2833 1368 2924 δακρυχέων
1392 2829 1424 2900 δ’
1450 2834 1493 2899 Μ.
1517 2830 1647 2918 δάκρυα
1670 2832 1756 2918 χέων
1779 2834 1900 2900 omisso
1924 2827 1955 2896 δ’

312 2935 349 3002 G.
380 2935 488 3024 δάκρυ
510 2935 596 3023 χέων
619 2938 693 3004 Ald.
727 2935 921 3024 δακρυχέων
944 2938 1041 3005 Turn.
1076 2977 1119 2986 -
1152 2939 1187 3006 ἐκ
1215 2936 1353 3028 φρενὸς·
1385 2941 1421 3006 ἐκ
1443 2937 1574 3024 βάθους
1596 2943 1738 3026 θρηνῶν
1761 2939 1842 3024 soh.‚
1873 2939 1959 3024 quod

312 3047 422 3128 aperte
445 3049 633 3130 corruptum
656 3047 767 3111 estex
791 3043 843 3112 ‘da
865 3041 997 3128 βάθους
1019 3047 1183 3133 φρενάν’.
1228 3045 1404 3133 Participio
1432 3047 1519 3114 enim
1540 3049 1683 3132 θρηνῶν
1705 3047 1757 3112 hic
1776 3047 1870 3112 locus
1893 3068 1959 3111 non

310 3154 359 3216 est
386 3173 460 3216 cum
488 3152 647 3218 scholium
675 3153 709 3216 iu
737 3153 807 3218 solo
836 3153 994 3219 vocabulo
1022 3150 1147 3252 φρενός
1171 3146 1361 3238 explicando
1384 3159 1538 3220 versetur.
1570 3193 1613 3200 —
1646 3152 1839 3240 δακρυχέων
1862 3149 1900 3217 δὲ
1923 3151 1958 3218 έκ

308 3253 433 3341 φρενὸς
456 3253 532 3324 άντὶ
554 3259 616 3322 τοῦ
640 3254 748 3344 δάκρυ
770 3257 908 3342 πέμπων
932 3259 966 3326 ἐκ
987 3263 1047 3344 τῆς
1068 3261 1129 3326 τοῦ
1153 3262 1286 3345 ἔχοντος
1305 3255 1410 3326 αύτὸν
1429 3258 1487 3346 (sc.
1500 3257 1597 3348 νόου)
1617 3261 1776 3337 διανοίας.
1807 3258 1907 3324 schol.
1922 3257 1959 3324 B.

312 3359 446 3430 διάνοια
461 3369 571 3430 autem
586 3368 636 3430 est
650 3366 974 3449 interpretamentum
988 3367 1075 3433 vocis
1091 3363 1190 3453 φρήν.
1214 3366 1254 3432 cf.
1268 3366 1409 3452 Hesych.
1424 3391 1448 3433 s.
1458 3391 1487 3434 r.
1502 3365 1592 3433 δάκω
1608 3366 1724 3454 φρένα.
1747 3362 1883 3450 λυπήσω
1898 3361 1960 3448 τὴν

311 3467 477 3536 διάνοιαν.
500 3472 541 3537 cf.
555 3495 653 3557 supra
671 3495 699 3537 v.
715 3473 788 3540 873.
802 3511 846 3519 -
869 3466 891 3538 dl
914 3495 1093 3558 pronomen
1117 3474 1201 3560 quod
1225 3474 1291 3538 iam
1315 3474 1462 3560 sequitur
1485 3477 1595 3558 aperte
1622 3478 1748 3558 spectat
1769 3475 1810 3539 ud
1834 3469 1958 3558 φρενὸς

311 3575 383 3662 ‘qui
402 3578 528 3643 animus
547 3600 638 3643 meus
656 3579 796 3645 tabescit
814 3577 999 3662 κλαομένας
1013 3577 1074 3666 (sic
1088 3578 1266 3664 Porsonus,
1288 3578 1487 3663 κλαιομένας
1500 3580 1557 3667 Μ.)
1572 3604 1638 3665 μου
1651 3579 1959 3646 meillacrimante'.

309 3682 455 3750 Verbum
484 3688 593 3750 autem
619 3681 783 3750 κλάεσθαι
809 3685 864 3750 hic
892 3707 965 3751 cum
993 3685 1136 3772 genitivo
1164 3687 1372 3754 coniunctum
1400 3691 1464 3772 est,
1494 3689 1608 3753 τοῖνδε
1636 3685 1738 3752 δυοῖν
1762 3685 1886 3772 (duroto
1914 3687 1958 3751 M.

311 3791 408 3855 δυοῖν
431 3789 506 3854 libri
529 3789 689 3877 plerique)
716 3785 878 3857 άνάκτοιν
907 3795 944 3857 ut
967 3791 1138 3877 aliquoties
1163 3787 1327 3876 άχασθαι,
1360 3789 1486 3878 άλχεῑν,
1519 3793 1658 3878 στένειν,
1692 3790 1862 3879 δακρύειν,
1895 3795 1958 3858 alia

310 3897 358 3961 ita
384 3899 622 3962 construuntur.
657 3934 695 3945 -
728 3895 910 3982 κλαιούσης
936 3895 1016 3977 τούς
1043 3895 1106 3964 δύο
1134 3901 1281 3982 βασιλεῖς
1309 3900 1409 3966 schol.
1432 3899 1475 3968 M.
1513 3901 1643 3967 ‘horum
1671 3901 1807 3967 duorum
1835 3899 1957 3987 gratia'

311 3999 458 4068 Caselius
481 4008 514 4068 et
536 4003 584 4068 ita
606 4004 769 4089 Butlerus,
791 4007 846 4091 qui
869 4003 966 4071 ἕνεκα
989 4005 1155 4072 subaudiri
1178 4007 1257 4071 vult.
1288 4005 1405 4073 Matth.
1420 4006 1474 4074 Gr.
1498 4009 1602 4090 §aaa
1626 4045 1669 4054 --
1693 4005 1843 4092 μινύθει·
1867 4007 1956 4073 έλατ-

309 4109 434 4174 τοῦται.
480 4111 631 4194 μειοῦται
652 4109 793 4196 Hesych.
839 4111 878 4178 cf.
900 4111 997 4177 Hom.
1020 4110 1077 4176 0d.
1100 4112 1131 4196 4,
1154 4113 1219 4178 374
1242 4111 1380 4196 μινύθει
1404 4113 1443 4179 δέ
1463 4138 1515 4180 τοι
1537 4104 1620 4200 ἦτορ
1644 4113 1785 4200 ἑταίρων
1817 4113 1881 4180 467
1905 4139 1956 4199 μι-

310 4213 411 4282 νύθει
436 4216 475 4283 δέ
496 4241 553 4302 μοι
577 4219 721 4284 ἔνδοθεν
744 4209 835 4306 ἦτορ.
859 4259 902 4266 -
925 4243 954 4285 r.
973 4220 1035 4285 921
1055 4256 1093 4266 -
1110 4243 1139 4288 r.
1158 4221 1233 4286 926.
1255 4221 1292 4286 Β.
1315 4221 1406 4286 Licet
1428 4227 1537 4286 autem
1561 4221 1712 4286 adversus
1736 4221 1796 4287 hos
1820 4223 1955 4288 miseros

312 4322 418 4390 dicere
440 4324 479 4392 A.
503 4325 588 4409 quod
611 4326 715 4392 multa
737 4327 907 4394 intulerint
928 4327 1018 4394 mala
1040 4349 1112 4392 cum
1136 4327 1259 4392 civibus
1282 4327 1319 4392 B.
1342 4331 1412 4392 tum
1432 4328 1691 4394 adversariorum
1710 4329 1854 4394 omnium
1873 4327 1956 4395 ordi-

312 4415 407 4495 nibus
430 4429 469 4496 A.
492 4453 646 4517 magnam
668 4437 795 4516 partem
818 4435 853 4500 in
875 4434 999 4518 proelio
1023 4435 1146 4500 occisis.
1191 4457 1221 4498 v.
1245 4433 1307 4499 921
1338 4434 1449 4500 addita
1472 4439 1521 4500 est
1544 4435 1578 4500 in
1599 4433 1642 4502 M
1665 4433 1854 4500 hemichorii
1876 4439 1955 4500 nota

310 4521 443 4621 HMD‘l.
471 4551 631 4642 πάρεστιν
659 4533 691 4622 d'
721 4556 763 4624 M
799 4554 959 4644 πάρεστιν
986 4559 1091 4624 εἰπεῖν
1118 4559 1152 4623 in
1179 4560 1286 4624 lemm.
1310 4559 1425 4624 scholii
1453 4560 1555 4624 etita
1576 4557 1724 4626 Weilius.
1759 4557 1897 4646 πάρεστι
1920 4555 1952 4624 δ’

310 4659 532 4746 Westpbalur.
564 4701 608 4710 -
640 4665 744 4729 εἰπεῖν
775 4659 826 4730 ἐπ’
851 4659 1025 4731 άθλίοισιν
1054 4669 1167 4731 contra
1193 4663 1338 4730 infelices
1367 4663 1479 4730 dicere.
1525 4664 1564 4730 cf.
1592 4663 1679 4749 Sept
1705 4686 1736 4730 v.
1757 4665 1823 4730 483
1851 4660 1897 4743 οἱς
1919 4661 1951 4731 δ’

309 4760 481 4853 ὑπέραυχα
512 4765 672 4852 βάζουσιν
705 4768 756 4836 έπὶ
788 4767 911 4837 πτόλει.
943 4809 987 4818 -
1025 4795 1052 4837 v.
1080 4772 1145 4836 924
1177 4773 1331 4836 πολίταισ
1362 4770 1404 4836 Μ.
1441 4774 1576 4850 πολίτας
1609 4769 1762 4837 Cantabr.
1789 4773 1810 4836 2
1843 4776 1876 4836 et
1907 4773 1954 4837 sic

310 4873 492 4940 Bnmclrius
523 4897 561 4942 ex
591 4877 784 4944 coniectura.
831 4876 951 4962 *ῥέζειν
981 4900 1054 4943 curn
1084 4878 1209 4944 duobus
1239 4877 1432 4943 accusativis
1463 4877 1607 4945 construi
1636 4878 1720 4943 solet
1747 4883 1780 4942 et
1810 4879 1954 4964 sequitur

310 4981 448 5069 στίχας’.
493 4981 619 5048 Afferre
640 4988 777 5068 'poterat
804 4984 891 5050 Pers.
916 5009 943 5050 v.
967 4986 1031 5050 236
1059 4982 1113 5050 καὶ
1142 4981 1282 5071 στρατὸς
1308 4987 1459 5062 τοιοῦτος
1487 4982 1580 5070 ἔρξας
1607 4978 1713 5050 πολλὰ
1745 4981 1786 5069 δὴ
1812 4981 1954 5069 Μήδους

1689 5097 1705 5148 2
