4586 5668
1004 417 1226 513 ..¹11-

448 621 548 703 κακὸς
572 623 714 710 δατητὰς
729 621 830 712 ’Ἁρης
1034 641 1085 691 945
1300 623 1336 689 ἐν
1360 615 1413 700 αἷς
1435 621 1625 705 ἐθείνοντο,
1648 621 1703 687 καὶ

449 727 537 818 ἀρὰν
560 730 718 824 πατρςόαν
740 731 847 818 τιθεὶς
869 728 993 817 ἀλαθῆ.
1048 783 1051 786 -
1300 733 1399 797 δυοῖν
1421 727 1589 815 κρατήσας
1612 729 1705 814 ἔληξε
1728 731 1867 814 δαίμων.
1886 745 1939 796 960

291 913 443 990 Quartam
476 913 645 998 syzygiam
676 913 762 982 inter
792 911 993 978 hemichoria
1025 910 1282 976 distribuendam
1317 932 1388 976 esse
1424 910 1500 974 inde
1533 910 1638 976 elucet
1671 909 1758 995 quod
1791 931 1937 976 sororum

288 1020 439 1105 plauctus
466 1018 554 1084 haud
581 1017 677 1084 dubio
705 1043 725 1086 a
752 1043 782 1086 v.
805 1020 868 1085 961
900 1019 1032 1085 initium
1061 1003 1157 1104 capit
1204 1017 1297 1094 Quod
1320 1017 1368 1082 ita
1392 1039 1463 1083 esse
1487 1039 1525 1084 er
1548 1021 1667 1084 natura
1690 1039 1728 1082 ac
1751 1015 1937 1083 condicione

288 1147 400 1192 earum
427 1125 634 1210 stropharum
666 1127 804 1194 dilucide
837 1129 982 1212 apparet.
1036 1124 1200 1190 laetiorem
1232 1129 1341 1190 autem
1370 1125 1529 1190 ambitum
1556 1123 1637 1190 baec
1664 1123 1937 1190 hemichcriorum

287 1217 417 1298 cantica
443 1231 565 1299 habent
594 1253 666 1299 cum
693 1233 734 1298 iis
762 1234 853 1300 chori
882 1233 1131 1298 lamentationes
1160 1232 1201 1297 ad
1224 1233 1322 1296 finem
1345 1232 1570 1316 perducantur.
1615 1229 1790 1316 Perperam
1804 1231 1875 1298 *hac
1898 1231 1937 1298 de

288 1362 323 1404 re
346 1339 501 1406 iudicarit
523 1339 672 1406 Weilius.
717 1340 757 1408 cf.
780 1340 928 1426 Westph.
951 1339 1078 1424 Proleg.
1101 1361 1131 1423 p.
1158 1337 1230 1404 145.
1259 1374 1300 1386 —-
1329 1362 1358 1404 v.
1382 1338 1497 1404 934-
1510 1361 1539 1402 τ.
1563 1338 1627 1404 938
1657 1337 1704 1403 Et
1725 1338 1843 1404 fratres
1866 1361 1938 1426 pro-

288 1447 372 1512 fecto
400 1451 477 1513 sunt
503 1448 649 1532 germani
676 1451 710 1514 et
736 1447 875 1514 invicem
904 1469 938 1513 se
965 1445 1173 1532 perdiderunt
1194 1445 1414 1512 transactione
1437 1467 1503 1510 non
1527 1444 1645 1530 amice,
1676 1443 1837 1511 discordia
1859 1445 1936 1512 furi·

288 1555 407 1640 banda,
428 1555 571 1621 rixarum
595 1555 693 1621 exitu.
738 1578 767 1621 v.
791 1555 857 1621 934
884 1553 1032 1620 Ismenae
1055 1557 1135 1619 nota
1158 1554 1217 1638 ίσμ
1239 1551 1382 1638 praefixa
1405 1556 1455 1617 est
1478 1551 1589 1618 addita
1611 1552 1734 1618 lineola
1757 1589 1808 1618 -.
1853 1574 1935 1619 παυ-

287 1659 433 1747 ύλεθροι
460 1659 504 1728 Μ.
533 1665 567 1727 et
594 1661 694 1728 schol.
722 1661 764 1727 M.
812 1656 997 1747 ὁμόσποροι
1025 1662 1109 1746 δήτα
1136 1659 1192 1726 καὶ
1218 1657 1445 1745 πανόλεθροιε
1479 1655 1621 1743 ἀδελφοὶ
1644 1657 1700 1723 καὶ
1722 1657 1936 1745 πανώλεθροι

286 1765 476 1853 γεγόνασιν,
509 1763 676 1853 ἀλλήλους
703 1767 915 1854 διατεμόντες
943 1768 980 1834 έν
998 1767 1193 1860 μαινομένη
1222 1768 1308 1854 ἔριδι
1336 1763 1420 1852 πρὸς
1447 1768 1492 1856 τῷ
1520 1765 1606 1832 τέλει
1634 1769 1693 1852 τής
1724 1771 1937 1852 φιλονεικίας.

286 1869 500 1962 (ὁμόσπορον
523 1871 670 1961 ἀδελφοί
681 1875 836 1963 Hesych.)
858 1915 901 1948 —,
925 1872 1137 1962 πανώλεθροι
1160 1880 1289 1961 praeter
1311 1896 1379 1940 rem
1394 1873 1542 1938 Weilius.
1567 1910 1608 1920 —
1632 1895 1661 1937 v.
1675 1872 1741 1939 935
1765 1875 1938 1959 διατομαῖς

287 1977 328 2047 ού
348 1987 466 2067 φίλαισ
482 1983 526 2048 Μ.
550 1984 728 2067 διανομαῖς
746 1982 894 2048 Weilius.
918 1983 1114 2068 διαρταμαῖς
1137 1982 1174 2048 Ε.
1190 1982 1227 2048 Α.
1241 1981 1431 2047 Ahrensius.
1468 1979 1529 2046 Sed
1554 1981 1727 2065 διατομαῖς
1750 1983 1939 2066 agnoscitur

288 2089 328 2154 ab
352 2089 538 2156 scholiasta
584 2083 719 2174 ἀφίλοις
741 2089 784 2156 Η.
805 2089 944 2156 Vossius
969 2091 1088 2175 aliique
1111 2113 1223 2155 versus
1252 2087 1476 2172 antistrophici
1505 2109 1611 2154 causa.
1657 2083 1793 2172 ἀφίλαις
1820 2089 1938 2154 codicis

287 2196 427 2283 vestigia
450 2198 579 2261 secutus
603 2195 719 2262 Oberd.
765 2198 805 2262 cf.
828 2200 957 2281 praeter
980 2219 1018 2262 ea
1041 2197 1189 2280 exempla
1211 2218 1291 2282 quae
1315 2194 1481 2282 Krtigerue
1496 2195 1539 2261 *in
1558 2194 1701 2260 Gramm.
1725 2193 1837 2261 Graec.
1861 2196 1936 2262 dial.

287 2303 383 2387 622,
406 2304 435 2388 3,
460 2304 532 2388 1,2
560 2303 706 2389 collegit,
739 2303 857 2370 Aesch.
884 2303 978 2370 Eum.
1008 2305 1072 2370 789
1101 2304 1261 2370 δυσοίστα
1289 2299 1465 2390 (δύσοιστα
1492 2301 1536 2368 Μ.
1569 2303 1730 2367 δυσοίστα
1758 2301 1938 2388 blitherus),

286 2409 360 2475 ibid.
388 2410 470 2475 1037
503 2413 695 2495 περίσεπται
737 2409 816 2477 Cho.
841 2412 883 2476 70
917 2408 1124 2496 παναρκέτας
1164 2411 1240 2477 ibid.
1267 2412 1330 2476 100
1363 2412 1525 2494 μεταίτιαι
1566 2407 1642 2474 ibid.
1667 2409 1731 2474 619
1762 2403 1938 2488 ἀθανάτας

154 2571 164 2585 .
284 2515 401 2602 Agam.
427 2517 511 2582 1116
535 2515 686 2595 ξυναιτία
721 2516 807 2585 Pers.
832 2518 896 2586 596
919 2515 1121 2606 περικλύστα
1158 2516 1246 2602 Sept.
1272 2515 1334 2584 109
1359 2513 1544 2602 εὐφιλήταν
1580 2515 1691 2600 Eurip.
1715 2515 1785 2600 Iph.
1808 2514 1848 2580 A.
1874 2518 1934 2582 121

285 2616 454 2688 ἀκλύσταν
476 2623 576 2690 Arist.
590 2621 662 2690 Pac.
677 2625 741 2691 978
760 2621 966 2710 πολυτιμήτη
990 2624 1122 2691 Hesiod.
1137 2625 1259 2714 Theog.
1274 2625 1339 2690 912
1362 2620 1589 2710 πολυφόρβης.
1612 2661 1655 2668 -
1679 2645 1707 2688 τ.
1722 2623 1786 2688 937
1810 2627 1937 2702 νείκεος

284 2728 321 2795 ἐν
344 2731 479 2816 τελευτᾷ
506 2769 546 2779 ψ
574 2733 771 2817 praepositio
800 2731 911 2798 dativo
938 2733 1180 2799 instrumentali
1204 2734 1355 2799 adiuncta
1377 2735 1436 2797 est.
1481 2730 1522 2797 cf.
1544 2730 1633 2796 Pers.
1658 2731 1721 2796 251
1747 2725 1792 2808 ύς
1815 2730 1852 2796 ἐν
1875 2733 1935 2818 μιᾷ

284 2837 391 2922 πληγή
416 2835 644 2922 κατέφθαρται
667 2835 772 2916 πολὺς
796 2835 903 2922 ὄλβος.
937 2837 1048 2924 Suppl.
1063 2839 1128 2904 936
1150 2835 1188 2904 τὸ
1213 2849 1324 2916 νεῖκος
1342 2831 1375 2903 δ’
1393 2832 1455 2903 οὐκ
1479 2836 1516 2903 ἐν
1535 2831 1686 2922 ἀργύρου
1704 2839 1790 2922 λαβῇ
1810 2839 1935 2904 ἔλυσεν.

284 2942 479 3026 Promeae
503 2941 610 3028 μόνον
634 2941 680 3029 δή
704 2942 855 3031 πρόσθεν
879 2943 982 3013 ἄλλον
1006 2947 1043 3012 ἐν
1065 2943 1182 3024 πόνοις
1205 2940 1340 3032 δαμέντ’
1366 2983 1409 2990 -
1436 2945 1561 3010 Τιτᾶνα
1584 2940 1766 3028 εἰσιδόμαν.
1791 2942 1877 3029 Sept
1891 2946 1935 3010 25

285 3047 321 3114 έν
348 3045 411 3118 α’σὶ
438 3052 562 3134 νωμῶν
589 3049 645 3116 καὶ
673 3056 802 3140 φρεσίν.
831 3091 874 3099 -
905 3050 1056 3138 τελευτή,
1083 3054 1197 3120 exitus.
1243 3052 1281 3120 cf.
1310 3051 1424 3138 Agant.
1454 3053 1519 3117 745
1552 3049 1731 3135 ἐπέκρανεν
1759 3047 1796 3116 δὲ
1823 3048 1935 3136 μάμου

283 3153 401 3242 πικρὰς
424 3155 577 3236 τελευτάς
614 3158 726 3244 Suppl.
753 3161 838 3227 1050
865 3158 946 3245 μετὰ
969 3162 1104 3227 πολλῶν
1128 3158 1164 3227 δὲ
1187 3158 1305 3246 μα’μωυ
1329 3154 1390 3224 ἀδε
1412 3153 1547 3224 τελευτὰ
1572 3159 1738 3242 προτερᾶν
1760 3155 1854 3223 πέλοι
1877 3182 1934 3242 γυ-

282 3265 419 3352 ναικῶν.
464 3263 583 3334 Exitus
611 3271 721 3332 autem
748 3267 891 3333 rixarum
919 3269 969 3332 est
999 3268 1071 3352 ipsa
1097 3269 1210 3334 caedes
1238 3290 1302 3354 qua
1330 3267 1449 3332 fratres
1476 3265 1651 3349 perierunt.
1696 3263 1785 3330 Voce
1808 3267 1934 3343 νείκεος

285 3370 426 3436 alludere
447 3375 579 3456 poetam
606 3373 647 3440 ad
669 3373 836 3460 Polynicis
859 3395 978 3441 nomen
1002 3371 1172 3440 Sohlttzius
1196 3374 1286 3440 vidit.
1309 3410 1351 3421 -
1376 3395 1404 3438 v.
1419 3371 1577 3438 938-v.
1597 3370 1660 3436 947
1686 3371 1756 3436 Iam
1779 3393 1856 3437 vero
1879 3371 1933 3437 de-

284 3477 412 3560 positae
435 3483 510 3544 sunt
533 3480 736 3566 inimicitiae,
758 3482 793 3546 in
816 3484 904 3546 terra
926 3485 1035 3547 autem
1059 3479 1217 3566 sanguine
1240 3477 1406 3566 (fratrum)
1430 3499 1605 3562 conspersa
1624 3477 1692 3544 vita
1715 3499 1825 3544 eorum
1849 3500 1933 3545 com·

284 3583 386 3649 mixta
405 3589 463 3651 est.
497 3585 648 3654 Profecto
668 3591 745 3654 sunt
764 3588 1001 3674 consanguinei.
1033 3585 1180 3653 Acerbus
1199 3591 1307 3652 autem
1326 3587 1468 3653 rixarum
1488 3585 1609 3652 arbiter
1627 3588 1677 3650 est
1695 3587 1932 3652 transmarinus

283 3691 408 3758 advena
436 3713 475 3758 ex
502 3693 577 3780 igne
604 3694 783 3779 profectus,
815 3697 947 3759 acutum
974 3695 1106 3761 ferrum.
1152 3694 1297 3760 Acerbus
1320 3717 1396 3760 vero
1420 3693 1587 3777 malusque
1610 3691 1771 3758 bonorum
1794 3693 1932 3776 partitor

284 3803 333 3864 est
355 3798 442 3866 Mars
466 3802 520 3886 qui
543 3802 648 3886 patris
672 3801 758 3866 diras
782 3801 823 3867 ad
847 3801 995 3868 effectum
1019 3801 1163 3868 adduxit
1177 3837 1220 3848 -
1234 3824 1263 3867 v.
1277 3801 1341 3866 939
1366 3796 1437 3880 ζοίί
1454 3796 1655 3885 φονορρύτω
1674 3797 1717 3864 Μ.
1743 3795 1800 3877 ζόα
1824 3799 1931 3864 ΒΙοτυ-

282 3905 410 3990 fieldus‚
428 3906 737 3992 Dindorfius,quam
752 3929 863 3974 vocem
878 3909 933 3975 hic
950 3909 1169 3994 metaphorice
1187 3929 1246 3993 pro
1266 3897 1346 3991 αίμα
1365 3905 1546 3972 adhibitum
1566 3926 1635 3970 esse
1655 3903 1737 3969 vidit
1751 3902 1930 3970 Schdtaius.

284 4009 464 4098 φονορύτῳ
491 4013 713 4080 Blomfieldus.
759 4015 799 4080 os.
823 4011 920 4100 Soph.
942 4016 1053 4101 Antig.
1077 4015 1143 4080 950
1170 4010 1396 4100 χρυσορύτους
1424 4017 1528 4078 metro
1556 4011 1726 4098 flagitante
1750 4011 1931 4078 Triclinius.

281 4117 536 4206 χρυσορρύτουσ
558 4119 601 4184 Μ.
647 4121 698 4187 Ai.
724 4122 787 4187 134
811 4117 1003 4207 ἀμφιρύτου
1026 4120 1139 4205 Εοτίρ.
1161 4120 1277 4186 Bacch.
1299 4120 1362 4186 154
1384 4115 1573 4206 χρυσορόου
1596 4117 1713 4184 Αεεο1ι.
1736 4117 1842 4186 Prom.
1865 4119 1930 4186 433

282 4219 488 4311 ἁγνορύτων.
514 4265 556 4274 -
585 4227 622 4293 έν
645 4225 684 4294 δὲ
706 4230 785 4318 μαίᾳ
808 4224 879 4307 ζόας
912 4222 933 4312 ή
958 4223 1022 4312 ζωή
1047 4223 1161 4293 αὐτόν
1183 4225 1317 4313 κέχυται
1341 4227 1377 4293 έν
1399 4228 1439 4313 τή
1463 4219 1665 4314 φονορρύτφ
1689 4227 1730 4311 μή
1756 4226 1865 4311 schol,
1897 4227 1932 4292 in

281 4354 343 4418 quo
374 4335 497 4402 scholio
528 4333 661 4419 κέχυται
692 4340 742 4400 est
770 4335 1096 4421 interpretamentum
1125 4335 1217 4401 verbi
1247 4332 1406 4419 μέμικται.
1456 4333 1577 4398 Errant
1604 4333 1704 4418 igitur
1732 4333 1786 4418 qui
1813 4338 1932 4420 putant

280 4439 354 4505 inde
382 4437 490 4525 χύδην
519 4441 750 4507 enucleandum
779 4465 857 4509 esse.
891 4481 934 4489 —-
967 4436 1103 4528 ὅμαιμοι
1133 4480 1177 4488 -
1207 4446 1257 4507 est
1284 4440 1481 4527 ambiguitas
1510 4439 1670 4524 quaedam
1697 4440 1731 4504 in
1759 4441 1820 4506 hac
1852 4464 1930 4508 voce

281 4547 431 4614 consulto
455 4571 474 4612 a
496 4553 595 4634 poeta
618 4547 773 4634 admissa3
801 4571 878 4614 nam
901 4553 934 4615 et
956 4549 1074 4616 fratres
1099 4553 1175 4616 sunt
1197 4548 1345 4635 germani
1368 4551 1401 4612 et
1424 4570 1482 4614 suo
1506 4547 1650 4633 ipsorum
1674 4547 1830 4634 sanguiue
1855 4572 1930 4616 con·

282 4691 393 4774 sparsi.
408 4727 450 4738 -·
466 4713 495 4756 v.
509 4693 572 4756 941
599 4691 690 4757 chori
713 4695 794 4757 nota
812 4649 1002 4777 lipraefixa
1025 4695 1075 4758 eet
1096 4693 1129 4758 in
1148 4691 1191 4757 M.
1210 4729 1253 4736 —
1277 4689 1384 4768 ξεῖνος
1405 4693 1492 4755 recte
1516 4713 1535 4755 a
1558 4688 1702 4755 Stanleio
1727 4691 1929 4758 substantive

280 4797 447 4881 accipitur.
474 4835 511 4846 -
542 4821 569 4863 v.
593 4799 660 4864 944
686 4800 808 4884 πικροῦ
831 4795 869 4864 δὲ
891 4797 1072 4884 χρημάτων
1094 4795 1195 4876 κακὸς
1218 4793 1361 4882 δατητάς
1384 4795 1533 4862 Weilius.
1558 4831 1597 4842 —
1628 4817 1657 4862 v.
1680 4797 1745 4862 946
1774 4792 1854 4883 ἀράι
1881 4821 1929 4883 pr.

279 4897 369 4988 ἀρδιν
393 4927 455 4970 sec.
478 4904 522 4972 M.
544 4941 588 4954 —
611 4907 748 4972 observa
771 4906 815 4972 sis
840 4906 1138 4972 annominationem
1154 4901 1255 4991 ’Ἄρης
1278 4900 1376 4989 ἀράν.
1414 4901 1453 4969 cf.
1475 4901 1571 4970 Hom.
1593 4903 1631 4972 11.
1657 4905 1707 4989 13,
1730 4905 1790 4970 481
1819 4906 1928 4970 δείδια

280 5005 312 5075 δ’
339 5011 442 5090 civois
470 5013 620 5078 Αἰνείαν.
665 5013 724 5079 Od.
749 5015 799 5099 18,
823 5013 865 5078 72
893 5001 979 5097 Ἰρος
1006 5008 1102 5098 ἀῖρος
1148 5012 1177 5096 8,
1200 5011 1265 5077 493
1292 5005 1422 5088 Ἐπειὸς
1446 5008 1608 5094 ἐποίησεν.
1656 5008 1753 5095 Soph.
1779 5009 1927 5076 41432.

1659 5114 1697 5170 2*
