4586 5668
305 1509 375 1622 De
399 1507 544 1622 exitu
567 1507 768 1623 fetulae
788 1507 1096 1648 Aeeehyleee
1120 1543 1248 1647 quae
1267 1509 1467 1648 Septem
1491 1511 1738 1624 adversus
1756 1509 1952 1624 Thebas

781 1703 1083 1818 inscribitur
1111 1705 1481 1820 commentatio.

464 2067 643 2152 Postquam
670 2065 788 2132 ehorue
815 2065 985 2132 eteeimum
1012 2067 1146 2132 tertium
1170 2067 1210 2132 ad
1232 2068 1330 2134 finem
1353 2067 1514 2152 perduxit,
1542 2067 1659 2152 incipit
1684 2067 1836 2152 planetus
1861 2067 1952 2133 euius

306 2175 447 2259 priorem
478 2178 604 2260 partem
637 2173 727 2240 solus
758 2173 848 2238 oepit
879 2173 1011 2258 chorus,
1042 2174 1178 2240 altorem
1210 2179 1368 2258 praeeunt
1397 2173 1528 2240 Ismene
1557 2177 1590 2239 et
1618 2171 1787 2259 Antigone
1817 2195 1954 2259 sorores,

306 2281 421 2366 quibus
445 2279 562 2346 chorus
585 2279 768 2364 respondet.
805 2279 879 2364 Ipse
903 2279 989 2344 enim
1013 2278 1195 2364 Aeschylus
1219 2304 1247 2346 v.
1271 2279 1335 2348 816
1360 2279 1495 2347 chorum
1518 2279 1677 2346 dicentem
1700 2280 1781 2346 feeit
1805 2303 1839 2346 se
1862 2282 1953 2366 prius

304 2388 442 2452 fratrum
476 2393 598 2454 sortem
631 2386 799 2471 deplorare
827 2387 911 2452 velie
938 2409 1035 2472 quem
1063 2409 1191 2453 sorores
1219 2387 1470 2454 lamentationes
1502 2389 1671 2474 incipient
1721 2386 1809 2464 Quae
1842 2391 1954 2454 eontra
2086 2401 2088 2406 '

303 2495 387 2560 hano
421 2495 617 2560 sententiam
648 2493 827 2578 disputavit
852 2492 993 2559 Weiline
1025 2495 1107 2560 bene
1140 2494 1288 2559 oonfutet
1318 2493 1533 2579 Weetphelus
1566 2496 1689 2580 proleg.
1720 2515 1794 2580 peg.
1820 2493 1884 2560 145
1899 2516 1954 2579 sq„

304 2623 400 2688 quem
427 2603 537 2688 ipsum
566 2601 602 2666 in
628 2601 829 2668 emendando
857 2601 918 2666 hoo
945 2600 1062 2666 threno
1090 2601 1278 2667 felicissime
1302 2601 1522 2666 elabereriese
1545 2594 1641 2667 demo
1664 2623 1729 2668 non
1752 2601 1849 2667 videt
1894 2599 1954 2666 Ae

304 2713 414 2774 temen
440 2707 527 2774 heud
554 2729 660 2792 peuoe
687 2730 707 2772 a
733 2708 804 2774 viro
832 2706 1020 2774 doctissimo
1048 2707 1164 2772 relicte
1191 2711 1268 2772 eunt
1295 2729 1376 2792 quoe
1404 2711 1437 2774 et
1459 2708 1555 2773 aliter
1578 2709 1783 2774 emendemus
1807 2711 1840 2773 et
1862 2729 1955 2774 eoeu·

305 2815 408 2880 retius
441 2814 638 2900 explicemus
676 2813 848 2899 oportebit.
904 2813 993 2891 Quae
1027 2795 1100 2882 dum
1132 2815 1180 2880 ite
1212 2815 1280 2880 sint
1310 2819 1417 2880 totum
1449 2835 1581 2880 carmen
1613 2814 1717 2881 denuo
1749 2813 1954 2880 tractandum

306 2921 401 2988 nobis
424 2919 661 3006 proposuimus.

841 3045 866 3112 Ι.
912 3043 1136 3130 Systemete
1159 3047 1421 3132 anapaestico.

689 3181 696 3190 ’
807 3185 891 3254 ἄλλα
909 3183 975 3274 γὰρ
998 3183 1115 3274 ἥκουσ’
1141 3184 1210 3254 αἵδ’
1237 3186 1290 3254 ἐπὶ
1313 3191 1440 3276 πρᾶγος

805 3293 926 3376 πικρὸν
947 3292 1121 3380 Ἀντιγόνη
1144 3291 1173 3360 τ’
1199 3291 1255 3380 ἠδ’
1279 3291 1431 3380 Ἰσμήνη,

805 3404 939 3488 θρῆνον
963 3399 1139 3488 ἀδελφοῖν·
1164 3397 1239 3468 οὐδ’
1266 3398 1462 3487 ἀμφιβόλως

805 3503 902 3594 οἶμαί
922 3505 976 3595 σφ’
1003 3507 1131 3596 ἐρατῶν
1154 3509 1190 3575 ἐκ
1213 3506 1440 3592 βαθυκόλπων

805 3615 958 3702 στηθέων
982 3611 1076 3702 ἥσειν
1099 3611 1201 3699 ἄλγος
1224 3611 1369 3690 ἐπάξιον.

804 3719 891 3809 ἡμᾶς
914 3720 951 3789 δὲ
974 3725 1050 3807 δίκη
1074 3720 1239 3808 πρότερον
1262 3719 1375 3807 φήμης

806 3827 867 3898 τὸν
891 3827 1099 3897 δυσκέλαδόν
1122 3825 1159 3895 θ’
1186 3825 1295 3914 ὕμνον
1317 3825 1468 3915 Ἐρινύος

809 3940 926 4024 λαχεῖν,
947 3933 1041 4002 Ἀΐδα
1063 3931 1092 4000 τ’

944 4040 1070 4131 ἐχθρὸν
1092 4038 1208 4109 παιᾶν’
1235 4041 1431 4126 ἐπιμέλπειν.

809 4148 850 4219 λεδ
876 4148 916 4218 te

807 4255 1096 4346 δυσαδελφόταται
1118 4259 1236 4324 πασῶν
1260 4251 1382 4323 ὁπόσαι

809 4363 959 4454 στρόφον
983 4365 1126 4451 ἐσθῆσιν
1148 4361 1422 4454 περιβάλλονται,

807 4472 915 4558 uider,
939 4473 1112 4559 στένομαι,
1135 4471 1190 4539 καλ
1214 4469 1315 4552 δόλος
1337 4469 1451 4552 οὐδεὶς

861 4577 906 4666 μὴ
928 4577 960 4647 ἰι
983 4577 1108 4667 φρενὸς
1131 4576 1246 4668 ὀρθῶς
1268 4605 1308 4666 με
1331 4583 1502 4665 λιγαίνειν.

310 4755 454 4844 Corpore
473 4759 619 4828 Eteoelis
643 4765 676 4825 et
692 4759 858 4846 Polynieis
877 4761 1015 4826 fratrum
1035 4759 1278 4827 interfectorum
1296 4761 1332 4826 in
1350 4781 1466 4825 senene
1484 4760 1650 4844 prostrate
1667 4757 1782 4823 ieoent.
1811 4758 1954 4835 Quorum

309 4865 350 4932 ed
373 4866 545 4953 lugendum
570 4873 708 4934 mortem
733 4868 889 4934 eeoedunt
911 4867 1039 4933 Ismene
1062 4871 1096 4932 et
1116 4865 1285 4952 Antigone
1308 4887 1444 4932 sorores.
1490 4865 1577 4942 Quae
1602 4863 1809 4931 advenientes
1833 4867 1955 4932 salutet

306 4972 424 5040 ohorue
452 4996 524 5042 eum
552 4975 631 5042 fletu
654 4997 692 5042 eo
714 4976 804 5042 luotu
828 4997 939 5041 eorum
962 4975 1139 5042 edversem¹
1152 4974 1317 5040 fortunem
1341 4993 1549 5058 conquerens.
1582 5009 1625 5020 -
1657 4995 1685 5038 v.
1710 4973 1772 5038 861
1807 4961 1875 5036 αἵδ’
1901 4969 1953 5037 ἐπὶ

1690 5078 1723 5130 1*
